2062 2664
652 198 750 239 2344
840 183 1257 234 ANIMALIVM
1295 188 1757 248 ,QVORVMDAM

658 310 709 338 ex
744 311 833 352 pura
867 309 958 353 puta
992 301 1218 354 pinguedine
1250 302 1403 342 conflat.
1478 304 1617 354 Aries,
1665 317 1778 357 quem
1813 304 1930 358 figura

656 362 755 413 sistit,
785 363 832 402 ab
863 373 998 405 exortu
1029 376 1208 405 cornuum
1241 365 1289 405 ad
1326 367 1482 407 initium
1513 370 1649 407 caudae
1669 375 1714 418 3¹⁵
1748 368 1838 423 poll.
1861 366 1928 423 (ἦ

652 425 784 478 longus
812 435 908 465 erat.
955 480 966 488 ὀ

1259 488 1334 529 IV.

659 570 885 615 SCIVRVS
927 571 1116 612 MINOR
1169 571 1469 615 VIRGATVS.
1556 574 1928 618 FVRVNCVLVS

658 629 941 669 SCIVROIDES
966 628 1334 667 MESSERSCHMID.
1395 633 1456 668 AN
1482 633 1678 669 SCIVRVS
1705 633 1929 670 GETVLVS

857 678 967 716 CAlL
994 678 1122 715 APVD
1145 679 1276 715 GESN.
1309 680 1404 717 ΚΛΗ
1429 682 1527 718 SYN.
1545 682 1730 725 QVADR.

1094 728 1217 765 RVSS.
1260 730 1495 779 Bypyuayrcb.

800 827 974 872 Sciurum
1008 831 1200 873 minorem
1231 832 1362 874 habitu
1394 836 1560 888 corporis
1590 843 1631 875 et
1664 835 1775 875 cauda
1804 833 1926 874 refert.

482 897 564 936 Tab.
594 894 691 939 1)OE
721 893 925 935 iunioribus
956 895 1011 937 est
1033 928 1044 947 ,
1085 908 1197 949 quem
1232 896 1349 949 figura
1384 896 1469 937 sistit
1490 929 1501 950 ,
1552 898 1705 938 naturali
1738 898 1930 949 magnitu.

655 958 743 998 dine
793 957 939 1011 pistum
963 989 974 1008 ,
1023 966 1192 998 attamen
1245 960 1441 1000 adultiores
1491 972 1567 1000 non
1609 960 1731 1000 multo
1766 961 1930 1000 maiores

655 1021 766 1062 fiunt.
863 1021 902 1061 A
943 1021 1062 1061 rostro
1099 1031 1283 1062 extremo
1315 1022 1364 1062 ad
1398 1023 1648 1076 posteriorem
1683 1023 1928 1063 auricularum

655 1093 802 1138 partem
835 1082 1006 1123 distantia
1039 1096 1161 1137 prope
1193 1086 1356 1125 duorum
1389 1085 1572 1138 pollicum
1593 1117 1604 1136 ‚
1655 1085 1743 1125 inde
1775 1086 1820 1125 ad
1856 1086 1931 1125 ini-

655 1148 752 1200 tium
785 1146 922 1185 caudae
955 1158 1069 1199 vsque
1107 1151 1166 1203 32¹.
1232 1147 1414 1189 Rostrum
1448 1149 1592 1201 inferius
1620 1148 1798 1202 superiori
1832 1147 1928 1188 mul-

640 1214 700 1251 ‘to
751 1208 968 1262 productius
1016 1210 1082 1249 est.
1175 1209 1339 1251 Duobus
1397 1212 1609 1263 praelongis
1663 1212 1834 1249 dentibus
1888 1209 1928 1247 in

655 1281 811 1323 vtraque
845 1270 1000 1310 maxilla
1033 1273 1198 1323 gaudet,
1246 1283 1408 1323 quorum
1463 1273 1519 1321 ii,
1569 1273 1633 1322 qui
1684 1272 1722 1308 in
1774 1268 1927 1309 maxilla

654 1333 838 1384 superiori
893 1333 974 1372 sunt
994 1364 1006 1384 ,
1065 1334 1185 1373 clauso
1241 1345 1306 1371 ore
1331 1364 1343 1385 ,
1396 1333 1630 1372 inferioribus
1692 1333 1926 1383 prominent.

650 1395 786 1447 Rirstus
812 1394 928 1434 latera
959 1403 998 1434 et
1028 1395 1217 1448 supercilia
1251 1393 1330 1434 setis
1370 1396 1482 1446 nigris
1502 1425 1511 1441 ‚
1562 1395 1608 1432 ad
1659 1393 1797 1432 rictum
1848 1395 1925 1445 qui-

653 1458 746 1499 dem
780 1457 1008 1509 longioribus
1026 1487 1038 1506 ,
1086 1466 1224 1497 ornata.
1307 1455 1425 1494 Frons
1456 1456 1503 1494 ad>
1533 1455 1690 1493 rostrum
1725 1466 1839 1507 vsque
1870 1454 1928 1494 lu-

655 1522 795 1562 tescens
813 1547 824 1568 ‚
858 1519 971 1567 raris,
1004 1518 1155 1557 obscure
1185 1518 1285 1557 fuscis
1305 1546 1317 1566 ‚
1359 1517 1443 1569 pilis
1473 1516 1717 1556 intermixtis.
1785 1517 1928 1558 Oculos

653 1592 732 1624 tam
768 1580 934 1633 superne,
967 1591 1076 1633 quam
1137 1579 1310 1630 inferne,
1341 1577 1440 1618 linea
1485 1579 1579 1619 fusca
1629 1580 1748 1619 ambit
1769 1611 1780 1631 ,
1828 1580 1927 1632 ipsae

653 1656 750 1686 vero
781 1643 977 1696 palpebrae
1009 1642 1177 1682 albentes
1207 1644 1302 1682 sunt.
1371 1642 1497 1683 Malae
1527 1641 1752 1682 lutescentes.
1820 1641 1927 1682 Dor·

653 1707 733 1749 sum
750 1700 951 1758 lutescens,
983 1705 1147 1759 quinque
1167 1705 1279 1744 fasciis
1297 1704 1409 1757 nigris
1430 1705 1629 1745 secundum
1650 1705 1924 1758 longitudinem

653 1779 828 1810 ornatum
849 1801 860 1820 ,
902 1769 1057 1808 anterius
1088 1768 1132 1807 ad
1167 1777 1277 1821 caput
1299 1798 1311 1820 ,
1361 1769 1486 1808 media
1518 1778 1676 1820 excepta
1697 1800 1708 1819 ‚
1755 1780 1848 1821 quae
1878 1768 1925 1809 ad

650 1834 879 1873 anteriorem
909 1843 1022 1884 vsque
1053 1830 1303 1871 auricularum
1345 1841 1493 1883 partem
1546 1831 1698 1884 pergit,
1749 1831 1927 1884 posterius

650 1895 700 1936 ad
756 1894 909 1935 caudam
962 1893 1180 1933 terminatis.
1267 1891 1397 1933 Cauda
1451 1905 1471 1942 5
1523 1893 1600 1932 fere
1652 1894 1748 1944 poll.
1797 1894 1948 1946 longas

656 1958 750 1998 albis
770 1988 783 2009 ,
835 1956 948 2009 nigris
993 1964 1033 1995 et
1081 1954 1357 1996 flauesceutibus
1405 1957 1519 2008 pilis,
1587 1966 1665 1994 non
1712 1949 1924 1995 admodum

657 2019 808 2075 longis,
848 2019 951 2060 varia
970 2050 982 2071 ‚
1028 2026 1208 2059 extremo
1259 2018 1366 2071 apice
1395 2019 1512 2067 albo,
1562 2012 1624 2057 ab*
1646 2017 1800 2058 animali
1833 2017 1925 2057 viuo

732 2079 734 2083 '
1815 2078 1924 2134 supra

743 2151 807 2201 (*)
834 2146 899 2186 Hic
923 2148 1078 2187 mendum
1105 2149 1219 2188 subesse
1246 2148 1435 2187 manifestum
1459 2149 1512 2185 est.
1549 2146 1686 2185 Forsitan
1715 2151 1753 2192 3}
1777 2146 1850 2195 ped.
