2062 2664
602 196 663 249 842
1002 194 1116 247 υἷές
1178 190 1307 249 )<>(
1371 194 1485 247 ἔξω

1188 301 1220 337 D
1245 301 1276 338 E

604 388 1011 455 METHOD
1032 390 1090 450 O
1177 391 1729 458 DIOPHANTE
1750 387 1870 460 ΑΕ

740 499 1123 544 ANALOGA
1203 503 1284 545 IN
1369 501 1726 546 ANALYSI

956 583 1517 632 INFINITORVM

1021 709 1164 746 AVCT.
1196 709 1236 746 L.
1265 708 1476 746 EVLERO.

598 776 844 920 Quanta
878 813 1042 854 affinitas
1076 814 1173 856 inter
1205 815 1368 867 analyfin
1397 814 1588 856 finitorum
1623 824 1663 854 et
1705 815 1874 855 infinito·

768 891 850 918 rum
884 878 1116 930 intercedat,
1167 890 1254 918 cum
1296 889 1451 931 vtraque
1500 890 1549 918 ex
1599 878 1733 918 iisdem
1768 880 1868 931 prin-

592 938 699 991 cipiis
730 940 773 980 fit
808 949 892 979 nata
911 971 921 990 ,
952 949 1061 993 atque
1094 942 1276 982 similibus
1308 941 1584 995 operationibus
1614 943 1864 993 contineatur,

593 1012 711 1041 nemo
745 1002 904 1056 ignorat,
936 1004 998 1056 qui
1034 1004 1071 1042 in
1106 1014 1262 1057 Vtroque
1296 1005 1426 1046 calculi
1460 1017 1594 1057 genere
1619 1004 1687 1048 ,vel
1739 1004 1870 1044 leuiter

593 1062 703 1103 fuerit
756 1066 928 1105 versatus.
1028 1066 1153 1106 Multo
1194 1067 1298 1106 latius
1353 1078 1481 1107 autem
1516 1067 1611 1106 hanc
1643 1066 1869 1105 affinitatem

593 1137 720 1182 patere
767 1126 1022 1181 deprehendi,
1063 1141 1175 1183 quam
1214 1128 1331 1181 vulgo
1364 1128 1485 1182 putari
1520 1128 1629 1180 solet,
1663 1138 1701 1168 et
1731 1140 1870 1181 quem-

592 1192 804 1230 admodum
836 1191 879 1229 in
905 1190 1046 1240 awa-lysi
1078 1190 1277 1230 finitorum
1307 1204 1348 1230 ea
1383 1190 1610 1240 methodus,
1642 1204 1736 1244 quae
1769 1190 1872 1245 Dig-

592 1253 739 1307 phanto
787 1262 938 1306 accepta
990 1253 1171 1304 retertur,
1225 1253 1405 1305 insignem
1441 1261 1601 1304 occupat
1633 1253 1777 1303 locum,
1820 1254 1870 1294 ita

592 1318 704 1356 etiam
741 1315 780 1354 iu
827 1315 962 1367 analysi
994 1315 1229 1355 infinitorum
1264 1315 1443 1355 eiusmodi
1479 1315 1555 1355 dari
1588 1314 1717 1356 calculi
1750 1328 1869 1369 genus

592 1378 811 1429 obseruaui,
843 1382 909 1433 qui
945 1378 1131 1418 methodo
1165 1378 1433 1432 Diophanteae
1469 1379 1615 1431 penitus
1649 1378 1690 1418 fit
1726 1378 1868 1429 similis,

591 1442 838 1495 similibusque
871 1443 1148 1497 operationibus
1182 1443 1402 1483 absoluatur.
1470 1441 1695 1497 Quanquam
1739 1450 1866 1481 autem

589 1502 700 1545 huius
733 1506 909 1547 methodi
942 1507 986 1546 in.
1020 1506 1165 1556 analyfi
1193 1506 1433 1550 infinitorum
1460 1504 1641 1550 nonnulla
1676 1503 1751 1543 iam
1784 1503 1869 1556 pas*

589 1568 659 1608 fim
700 1578 897 1608 occurrunt
941 1569 1163 1621 specimina,
1214 1582 1375 1622 quorum
1418 1568 1593 1620 deinceps
1626 1567 1866 1606 mentionem

588 1630 669 1671 sum
700 1631 875 1681 fficsturus,
909 1640 1034 1672 tamen
1068 1633 1105 1673 in
1140 1633 1182 1672 iis
1213 1631 1309 1673 nulla
1341 1641 1440 1672 certa
1474 1630 1662 1671 solutionis
1696 1629 1758 1669 via
1785 1641 1864 1670 cet-

587 1694 714 1746 nitur,
762 1695 824 1734 sed
858 1694 1056 1735 solutiones
1088 1696 1168 1736 casu
1204 1697 1329 1748 potius
1359 1708 1400 1735 ac
1434 1694 1660 1735 diuinatione
1694 1692 1864 1732 inuentae

587 1756 791 1808 videntur,
826 1757 951 1810 itaflvt
985 1758 1024 1799 i'n
1057 1759 1130 1798 hoc
1165 1759 1306 1799 calculo
1339 1770 1440 1798 certa
1472 1771 1511 1799 ac
1548 1766 1622 1795 tuta
1658 1755 1864 1795 methodus

585 1818 706 1858 adhuc
754 1820 988 1860 desideretur.
1071 1820 1330 1875 Quamobrem
1383 1821 1480 1859 mihi
1518 1819 1674 1873 quidem
1721 1829 1862 1857 nouum

584 1881 716 1921 calculi
766 1896 878 1934 genus
928 1884 964 1923 in
1009 1884 1174 1924 medium
1213 1883 1379 1936 proferre
1414 1883 1574 1932 videor,
1605 1881 1666 1933 qui
1702 1881 1864 1918 omnino

584 1943 714 1996 dignus
749 1945 790 1984 fit
813 1978 823 1995 ‚
876 1946 914 1985 in
965 1959 1041 1999 quo
1077 1947 1223 1987 vberius
1256 1946 1469 1986 excolendo
1504 1943 1734 1984 Geometrae
1768 1942 1862 1981 vires

582 2007 660 2047 suas
690 2019 901 2048 exerceant.
1002 2009 1101 2049 Mihi
1155 2010 1306 2061 quidem
1358 2018 1504 2046 tautum
1538 2005 1699 2057 contigit
1739 2005 1861 2057 prima

586 2070 661 2109 eius
691 2070 930 2111 fundamenta
965 2083 1110 2121 eruere,
1142 2083 1234 2123 quae
1266 2079 1388 2108 autem
1423 2070 1498 2107 iam
1533 2068 1578 2107 ad
1609 2067 1771 2120 plurima
1807 2066 1857 2108 sa-

588 2132 636 2172 tis
665 2133 820 2174 illustria
868 2146 909 2173 ac
944 2145 1022 2174 uon
1056 2146 1187 2188 parum
1218 2132 1410 2174 recondita
1443 2131 1673 2186 problemata
1715 2130 1858 2171 soluen-

1065 2215 1072 2220 —
1815 2193 1866 2236 da
