2062 2664
557 203 616 250 46
864 186 1519 236 DEMONSTRATIO

558 311 602 351 fit
633 302 1268 362 m(4n—-1)::aa-†-bb,
1304 305 1333 346 ss
1367 303 1518 359 quidem
1553 314 1580 345 a
1615 300 1704 344 eth
1751 303 1820 345 smt

557 371 701 411 numeri
734 372 828 410 inter
861 369 894 409 se
928 369 1056 422 primi.

849 482 886 521 T
919 481 956 523 H
993 480 1030 521 E
1060 480 1098 520 O
1130 481 1167 522 R
1201 480 1239 521 E
1275 480 1321 522 M
1352 479 1391 522 A
1460 493 1525 530 15.

708 593 781 633 78.
815 586 953 627 Nullus
986 597 1161 624 numerus
1189 584 1228 623 in
1259 583 1328 624 hac
1363 584 1487 624 forma
1529 596 1824 634 4mn—-m—rz

560 660 770 700 cowemus,
807 650 1014 702 quicunque
1044 648 1191 688 numeri
1224 659 1295 701 pro
1329 660 1364 687 m
1395 657 1433 688 et
1463 659 1486 687 n
1518 651 1721 702 capiantur,
1753 659 1825 687 vn-

558 726 671 765 quam
703 715 771 754 effe
805 713 928 766 potest
961 714 1190 766 quadratum.

787 827 1598 873 DEMONSTRATIO.

708 930 810 974 Cum
831 935 949 976 nullus
976 947 1168 986 numerus,
1186 936 1247 988 qui
1280 936 1462 975 finitorem
1494 935 1605 975 habet
1639 950 1669 986 4
1686 948 1709 977 n
1727 957 1766 964 —
1791 948 1828 986 1,

560 994 635 1036 effe
665 1010 776 1050 queat
806 998 953 1038 summa
986 999 1147 1039 duorum
1181 999 1442 1051 quadratorum
1477 1000 1572 1039 inter
1603 999 1634 1038 se
1678 1003 1825 1053 primo-

559 1072 643 1100 rum
663 1091 674 1110 ,
727 1062 783 1100 stu
823 1074 916 1114 quae
958 1059 1110 1114 praetet'
1137 1062 1320 1102 vnitatem
1356 1062 1497 1101 nullum
1532 1062 1690 1101 habeant
1719 1076 1828 1102 com-

563 1135 722 1162 munem
780 1124 980 1164 diuisorem
999 1155 1009 1174 ,
1068 1124 1226 1176 sequitur
1278 1123 1360 1163 fieri
1412 1135 1489 1161 non
1524 1123 1627 1175 poffe
1647 1154 1657 1172 ‚
1713 1133 1756 1163 vt
1785 1124 1830 1164 fit

563 1184 1371 1239 (4m—1)(4n—1):1-†-aa,
1475 1185 1581 1236 Ergo
1633 1197 1712 1224 non
1761 1188 1831 1226 erit

568 1251 623 1285 16
640 1260 675 1288 m
693 1260 716 1287 η
733 1271 774 1276 -
793 1261 822 1296 4
840 1259 875 1286 m
896 1267 935 1273 -
954 1261 984 1297 4
1003 1260 1025 1286 n
1043 1259 1096 1286 :z
1114 1260 1140 1285 a
1159 1260 1184 1286 a
1203 1263 1213 1285 z
1279 1248 1377 1284 vnde
1426 1258 1473 1285 ne
1524 1249 1601 1285 eius
1652 1247 1831 1298 quadrans

563 1312 718 1364 quidem
752 1324 783 1360 4
800 1324 835 1352 m
853 1322 971 1351 n-m
989 1308 1024 1340 '-
1044 1320 1067 1349 n
1101 1321 1264 1363 vnquam
1297 1308 1515 1362 quadratum
1543 1310 1611 1349 effe
1629 1309 1768 1363 potest.

856 1419 1398 1464 THEOREMA
1467 1423 1532 1460 16.

711 1534 783 1581 79.
836 1523 874 1565 Si
926 1526 963 1564 in
997 1527 1084 1566 serie
1116 1525 1340 1565 refiduorum
1381 1536 1417 1574 1,
1451 1539 1484 1570 α,
1523 1527 1565 1580 β,
1600 1540 1655 1581 Ὑ,
1689 1523 1729 1577 δ,
1761 1535 1833 1568 etc.

564 1598 654 1641 quae
689 1600 737 1628 ex
766 1588 946 1628 diuifione
978 1588 1241 1641 quadr'atorum
1277 1600 1343 1640 per
1376 1601 1577 1628 numerum
1631 1602 1836 1642 quemcun-

562 1663 634 1703 que
676 1659 706 1706 p
747 1651 954 1701 -refilltant,
1006 1653 1212 1705 cuiuspiam
1265 1651 1392 1691 refidui
1429 1653 1757 1705 complementum
1792 1654 1833 1692 in

561 1714 694 1753 eadem
747 1715 835 1754 serie
886 1714 1112 1754 refiduorum
1165 1723 1365 1764 occurrat,
1413 1723 1491 1754 turn
1541 1716 1616 1755 duo
1656 1715 1833 1767 quadrata

562 1776 731 1816 exhiberi
765 1786 972 1830 poterunt,
1024 1790 1181 1831 quorum
1216 1778 1359 1817 summa
1392 1777 1432 1817 fit
1466 1791 1534 1830 per
1565 1778 1723 1818 eundem
1761 1790 1832 1817 nu-

562 1849 708 1878 merum
744 1848 769 1894 p
802 1840 1019 1894 diuifibilis,
1066 1841 1209 1881 etiamst
1242 1850 1413 1881 neutrum
1445 1841 1597 1882 leorfim
1631 1854 1699 1895 per
1722 1847 1754 1895 p
1786 1839 1831 1880 fit

496 1903 498 1905 ’
562 1901 753 1943 diuissbile.

787 1965 1603 2010 DEMONSTRATIO.

713 2067 891 2109 Praebeat
919 2071 1138 2122 quadratum
1171 2083 1197 2109 a
1215 2083 1240 2109 a
1272 2069 1456 2109 refiduum
1491 2082 1542 2109 4:
1560 2081 1595 2120 r,
1613 2068 1831 2122 quadratum

565 2137 692 2173 autem
724 2131 790 2176 bb
821 2132 1007 2176 refiduum
1041 2145 1193 2176 ..-.:—r
1226 2135 1284 2174 leu
1319 2140 1352 2189 p
1372 2153 1395 2162 -·
1413 2144 1458 2184 r,
1488 2134 1587 2187 quod
1634 2133 1731 2173 illius
1773 2132 1832 2236 lest

1007 2222 1009 2225 -
1654 2208 1772 2250 comp
1788 2207 1830 2235 e-
