2062 2664
647 148 733 199 πα
859 138 1705 197 OBSERVATIONES

645 260 702 298 ius
752 257 839 297 anni
892 256 1127 297 Nouembris
1161 269 1213 294 22
1248 255 1287 296 h.
1328 266 1369 304 7.
1402 268 1435 297 a.
1471 269 1526 308 m,
1573 254 1767 295 altitudine
1806 252 1915 294 baro-¹

646 321 761 360 metri
812 320 995 360 existente
1030 326 1099 360 28.
1140 332 1208 370 13,
1237 319 1347 358 coelo
1377 318 1512 357 sereno,
1565 319 1658 358 Nox
1691 319 1917 370 praecedens

645 393 723 421 erat
756 394 901 435 quoque
935 382 1188 433 serenissima,
1220 381 1369 433 sequens
1401 392 1525 421 autem
1558 382 1676 419 nubila
1699 414 1707 430 ,
1741 392 1778 419 et
1812 381 1921 431 paul-

646 446 757 497 lisper
807 444 968 496 pluebat.
1037 445 1176 483 Ventus
1220 445 1287 482 fuit
1320 444 1459 495 SgO,
1494 445 1554 496 qui
1589 444 1748 495 sequenti
1781 445 1841 480 die
1876 444 1912 480 in

649 507 724 547 SO
775 517 939 546 mutatus
981 505 1046 545 est.
1130 504 1307 545 Summus
1355 507 1487 546 caloris
1532 506 1660 558 gradus
1707 506 1818 558 igitur
1852 505 1916 543 suit

652 573 756 617 105}
809 569 895 608 Iulii
949 574 1002 608 ιδ
1047 567 1087 607 h.
1132 577 1173 614 3.
1216 581 1255 620 p.
1296 581 1351 608 m.
1403 568 1609 608 obseruatus
1637 601 1648 619 ,
1697 569 1917 607 barometro

648 631 881 672 monstrante
914 637 984 671 28.
1023 643 1094 680 20,
1128 630 1178 670 V.
1201 629 1239 670 S.
1274 632 1382 670 coelo
1406 631 1532 670 sereno
1562 644 1595 670 a.
1627 645 1680 670 m.
1714 631 1769 670 sed
1799 643 1838 682 p.
1862 642 1918 669 m.

648 693 851 746 tempestas
892 694 1023 744 ingens
1073 703 1155 732 orta
1207 693 1259 732 est
1312 706 1402 732 cum
1446 694 1663 734 fulminibus
1704 704 1742 732 et
1775 695 1917 732 tonitru

648 754 984 797 vehementiffimo
1017 768 1060 795 ac
1108 756 1233 808 pluuia
1269 769 1420 808 magna.
1499 757 1684 796 Elucescit
1726 757 1811 796 hinc
1854 767 1901 794 va

649 818 852 858 riationem
902 817 1036 858 caloris
1085 831 1248 858 annuam
1283 819 1385 858 fuiffe
1415 820 1592 871 graduum
1641 823 1711 864 82}
1753 820 1919 869 adeoque

656 892 706 920 11
745 880 914 935 gradibus
947 883 1150 932 maiorem,
1182 893 1295 934 quam
1327 894 1429 921 anno
1457 883 1705 934 praecedenti.
1739 881 1836 936 Quia
1857 881 1921 919 liic

649 942 818 986 summus
863 943 998 983 caloris
1031 945 1160 996 gradus
1191 945 1319 983 minor
1352 944 1402 984 est
1433 944 1582 985 summo
1617 946 1701 985 alias
1741 946 1816 983 iam
1853 943 1916 981 hie

648 1007 857 1054 obseruate,
891 1006 950 1045 ille
983 1005 1148 1046 summus
1181 1006 1300 1046 adhuc
1332 1017 1483 1058 manet,
1514 1017 1551 1046 et
1586 1008 1744 1046 variatio
1777 1017 1922 1058 quoque

644 1068 777 1111 caloris
815 1068 989 1109 maxima
1032 1080 1179 1123 quoque
1209 1072 1347 1108 eadem
1383 1078 1526 1108 manet.
1593 1070 1762 1108 Variatio
1791 1068 1923 1108 caloris

649 1130 835 1174 menstrua
880 1131 1053 1172 maxima
1103 1131 1177 1171 hoc
1227 1143 1328 1172 anno
1358 1132 1426 1171 fuit
1459 1135 1532 1183 46}
1563 1133 1760 1185 graduum,
1796 1139 1923 1170 notata

650 1193 775 1235 menie
805 1192 1041 1244 Nouembri,
1083 1194 1243 1235 minima
1277 1206 1368 1233 vero
1398 1195 1458 1234 die
1493 1208 1546 1243 ¹9
1584 1195 1719 1233 menfis
1750 1191 1919 1242 Augusti.

649 1256 723 1297 Hic
742 1255 1003 1296 subsistendum
1024 1257 1061 1295 in
1081 1256 1257 1308 praesenti
1275 1256 1338 1304 est,
1356 1257 1454 1306 quod
1474 1255 1520 1294 ad
1539 1253 1920 1294 communicationem

649 1317 954 1357 obseruationum
1005 1317 1394 1368 meteorologicarum
1453 1317 1798 1368 Petroburgensium
1833 1317 1923 1354 atti-

649 1388 752 1419 net:
831 1380 1047 1431 Priusquam
1098 1388 1223 1421 autem
1273 1378 1392 1417 finem
1443 1379 1639 1427 faciamus,
1672 1377 1921 1428 adiungendae

649 1443 730 1483 sunt
796 1440 1069 1481 obseruationes
1125 1440 1410 1481 Barometricae
1465 1448 1506 1478 et
1557 1438 1920 1478 Thermometricae

649 1502 810 1550 Sinicae‚
862 1503 1028 1553 itemque
1068 1500 1324 1555 magnanime,
1367 1513 1520 1553 quarum
1575 1502 1813 1541 mentionem
1859 1500 1922 1541 fiib

648 1565 798 1606 initium
819 1562 984 1612 fecimus,
1016 1572 1057 1602 et
1088 1575 1174 1616 quas
1206 1562 1311 1604 simul
1344 1564 1625 1606 communicare
1666 1564 1919 1617 promisimus.

738 1626 903 1679 Accepit
938 1638 1076 1679 nempe
1097 1626 1305 1666 Academia
1338 1640 1358 1667 a
1377 1627 1429 1667 R.
1450 1627 1490 1667 P.
1512 1626 1748 1668 Miffionariis
1766 1625 1921 1669 Gallicis

649 1688 784 1730 Pekini
806 1689 1040 1736 versantibus,
1059 1689 1331 1728 obletuationes
1348 1691 1541 1744 quasdam,
1570 1701 1647 1738 175
1662 1700 1699 1740 5,
1720 1691 1817 1729 inter
1833 1701 1920 1742 quas

649 1762 690 1792 et
712 1749 989 1793 Barometricae
1010 1760 1050 1790 et
1074 1751 1434 1793 Thermometricae
1454 1762 1665 1803 occurrunt,
1698 1764 1792 1806 quae
1812 1751 1921 1792 Peki-

652 1816 693 1854 ni
746 1815 793 1854 ab
851 1814 895 1853 iis
925 1813 1043 1854 factae
1092 1814 1182 1861 sunt,
1220 1815 1454 1867 potiffimum
1490 1829 1510 1857 a
1559 1818 1609 1858 R.
1653 1816 1694 1856 P.
1779 1815 1920 1855 Amiot

652 1874 853 1917 Societatis
903 1874 998 1916 Iesu,
1066 1877 1306 1927 Existimaui,
1357 1891 1499 1932 operae
1533 1880 1695 1930 pretium
1725 1877 1818 1926 effe,
1859 1877 1920 1918 in·

654 1938 833 1995 figniores
879 1938 1096 1990 extrahere,
1139 1949 1178 1978 et
1226 1952 1314 1979 cum
1367 1941 1495 1980 nostris
1536 1951 1768 1991 comparare.
1853 1939 1918 1979 Ad

659 2000 926 2045 barometricas
958 2000 1068 2056 igitur
1107 2002 1208 2058 quod
1241 2002 1406 2053 attinet,
1455 2002 1628 2044 maxima
1659 2001 1816 2043 altitudo
1849 2001 1922 2041 Pe—

1836 2062 1919 2106 kint
