2062 2664
720 172 904 229 )(15)<

179 303 387 347 catenariae
422 299 575 339 ductum
596 331 606 350 ‚
640 300 739 351 quod
775 300 926 353 quidem
968 300 1221 339 communiter
1261 302 1356 342 vitio
1395 302 1461 356 ipfi

181 369 279 409 verti
319 364 424 404 solet.
501 363 547 400 In
590 361 687 402 libro
737 365 840 402 enim
893 363 940 402 de
985 363 1097 402 Motu
1137 362 1282 412 locali,
1347 365 1459 406 Dial.

182 432 248 473 IV.
278 437 318 482 p.
358 440 406 466 m.
452 436 549 473 257.
592 424 774 478 sequenti-„1
817 426 1051 465 inueniuntur
1091 427 1222 466 verba:
1260 426 1462 469 Praeterea

178 494 240 534 tibi
271 493 388 531 dicere
419 488 498 529 volo
533 518 543 537 ,
574 490 783 544 ---junem
811 491 863 541 fic
894 484 1030 542 tensum
1050 521 1060 538 ‚
1093 496 1128 528 et
1156 490 1239 544 plus
1265 493 1463 532 autminus

175 562 331 597 tractum
351 587 362 605 ,
394 554 433 594 in
464 552 580 594 lineas
606 550 645 602 se
668 554 827 606 flectere
846 585 856 604 ,
892 564 983 607 qaae
1015 553 1070 592 ad
1092 553 1331 606 parabolicus
1359 567 1465 595 acce-

175 620 262 660 dunt
293 630 403 672 quam
435 624 501 671 pro
517 635 521 651 a
538 630 609 657 ime
629 646 638 659 ‚
672 624 884 670 tantamque
916 614 982 671 asse
1006 616 1283 669 stmilitudmern
1318 650 1328 668 ‚
1362 624 1406 658 vt
1426 618 1467 673 fi

176 684 214 723 in
232 680 429 736 superficie
462 679 581 734 plana
620 687 656 720 et
696 680 877 722 &rizardi
927 686 1031 720 recta
1063 708 1073 727 ‚
1113 680 1247 721 lineam
1280 676 1467 734 describas

173 744 430 800 pai-abohcam
448 771 458 791 ‚
492 756 639 798 eamque
672 746 835 784 inuertas
865 766 881 773 -
907 766 928 774 -
961 751 998 784 et
1031 745 1323 785 extremitatibus
1348 742 1467 798 baseos

177 824 201 849 a
227 809 368 862 pendas
401 807 605 848 catenulam
625 839 635 857 ,
668 820 750 847 eam
783 809 901 859 magis
942 814 1006 846 aut
1038 808 1153 847 minus
1205 809 1418 849 demittendo

164 870 211 926 se
242 874 432 913 incarnare
462 878 498 910 et
540 871 725 924 adaptare
758 872 815 910 ad
840 871 991 909 eandem
1022 869 1163 910 videbis
1200 871 1421 924 parabolam
1459 904 1469 924 ,

176 946 283 990 eoque
313 935 579 976 accuratiorem
602 935 690 989 sore
723 933 824 985 istam
850 933 1125 987 adaptationem
1146 963 1156 981 2
1192 943 1259 986 quo
1285 932 1470 987 dcssgnata

174 999 355 1053 parabola
388 1000 503 1040 minus
531 998 649 1054 fuerit
687 1009 802 1038 curua
842 1028 853 1047 ,
894 995 962 1037 hoc
998 997 1054 1050 ejt
1094 995 1193 1047 magi
1200 1010 1211 1034 r
1249 993 1346 1046 tensa
1369 1027 1380 1040 ,
1417 998 1472 1037 ita

178 1069 221 1102 vt
252 1064 289 1103 in
317 1061 536 1116 parabolis,
571 1073 663 1114 quae
695 1062 748 1102 ad
782 1058 1013 1100 eleuationem
1046 1070 1100 1108 45
1122 1059 1267 1110 gradus
1301 1058 1472 1100 mitiorem

1457 842 1469 861 θ

181 1125 378 1176 (loquitur
418 1123 480 1162 hic
521 1123 743 1170 Gaffiaeus,
776 1122 823 1159 de
866 1121 1052 1170 parabolis
1090 1150 1101 1168 ‚
1142 1133 1229 1173 quas
1268 1121 1474 1163 describunt

179 1197 341 1237 corpora
400 1184 522 1235 grauia
559 1180 761 1236 proiecta)
811 1176 1015 1235 descriptae
1040 1178 1120 1233 fiant
1154 1215 1165 1234 ,
1211 1183 1382 1225 catenula
1421 1186 1479 1227 ad

178 1260 331 1300 ‘unguem
352 1245 441 1301 fere
472 1259 552 1286 cum
584 1245 764 1299 parabola
797 1252 973 1297 congruat
1036 1246 1183 1286 Totum
1219 1246 1316 1288 hunc
1343 1248 1471 1290 locum

180 1312 403 1359 inserimus,
435 1322 512 1363 quo·
537 1308 704 1350 Galilaei
731 1310 869 1362 partim
895 1309 1033 1349 exinde
1061 1319 1189 1364 pareat
1206 1310 1423 1352 innocentia
1460 1351 1471 1363 ,

180 1375 350 1427 partim,
385 1381 429 1412 vt
465 1373 511 1412 de
552 1373 638 1424 via,
676 1385 790 1427 quam
826 1373 1050 1426 inquirendo
1082 1373 1274 1414 catenulae
1308 1373 1473 1428 figuram

180 1440 322 1478 secutus
348 1435 399 1477 est
429 1467 444 1488 ,
474 1436 636 1477 constet.

328 1563 394 1604 Ex
443 1575 519 1617 quo
579 1562 859 1604 infinitefimaus
913 1564 1087 1605 methodi
1136 1564 1321 1618 principia
1360 1563 1474 1604 inno·

183 1633 330 1666 tuerunt
351 1659 362 1678 ,
395 1628 523 1667 denuo
555 1628 656 1669 idem
693 1627 892 1680 problema>
925 1637 1116 1668 tentarunt
1165 1628 1329 1679 eruditi,
1362 1636 1473 1681 atque

187 1700 312 1739 mox,
342 1702 505 1730 omnmo
537 1703 556 1731 a
590 1691 760 1744 parabola
793 1691 974 1730 diuersam
1014 1723 1024 1742 ,
1058 1704 1099 1731 ac
1133 1703 1181 1731 ex
1212 1690 1476 1730 transcenden-

186 1751 280 1790 tium
314 1764 455 1805 genere
483 1755 554 1794 esse
587 1767 740 1794 curnam
779 1787 789 1805 ‚
824 1767 916 1808 quae
959 1754 1199 1808 quaerebatur
1219 1787 1230 1806 ,
1263 1754 1478 1806 deprehen-

183 1812 262 1852 sum
315 1814 380 1854 est.
447 1815 543 1856 Non·
589 1817 707 1857 solum
758 1827 882 1857 autem
934 1819 1042 1871 plene
1091 1816 1252 1857 {Olutum
1299 1817 1477 1858 dederunt

183 1875 385 1928 problema
428 1878 630 1920 Leilmitius
650 1912 660 1930 ,
693 1880 887 1922 Bernoullii
910 1912 920 1932 ,
962 1882 1092 1934 aliique
1137 1880 1350 1934 complures
1369 1911 1381 1932 ‚
1416 1880 1480 1920 sed

185 1939 319 1980 fimilia
337 1952 485 1994 quoque
504 1940 572 1980 alia
591 1942 848 1994 excogitarunt
866 1976 876 1994 ‚
895 1945 1022 1997 quales
1040 1945 1116 1983 sunt
1143 1956 1182 1985 v,
1201 1956 1240 1998 g.
1268 1942 1449 1986 *velariaev
1464 1972 1480 1997 ,

173 2001 433 2058 funiculariae
458 2031 470 2054 ,
493 2005 657 2059 aliaeque
690 2005 796 2046 hulus
827 2010 976 2060 generis
1020 2019 1171 2047 curuae.

1352 2193 1480 2238 Huius
