2062 2664
646 202 718 244 ea
755 193 1053 242 METiiono
1089 191 1497 238 DioPHANTEAE
1531 192 1813 243 ANALOGA

565 316 654 353 titur
739 310 910 349 cond-{rio
947 339 956 358 ‚
1040 318 1081 349 vt
1162 309 1322 349 formula
1388 307 1507 361 specie
1576 311 1836 350 transcendens

554 371 897 428 sis'(dx²——l—dy²)
949 372 1015 412 fiat
1063 372 1295 425 algebraica,
1346 373 1401 412 leu
1443 383 1485 411 vt
1520 372 1624 411 liuius
1654 373 1840 413 formulae

565 439 674 477 valor
723 437 930 488 algebraice
962 436 1135 475 exhiberi
1168 446 1287 488 queat.
1387 434 1626 476 Manifestum
1663 436 1726 484 est,
1764 435 1840 475 hoc

569 501 832 554 problemate,
883 500 983 552 quod
1014 499 1123 538 instar
1155 499 1327 551 exempli
1361 497 1569 548 attulimus,
1604 500 1728 550 quaeri
1761 511 1842 538 cur·

569 576 636 604 vus
669 564 906 616 migetii-airas,
941 574 1033 615 quae
1065 562 1138 601 sint
1166 561 1453 613 redificabiles3
1484 562 1616 600 relatio
1647 562 1750 618 enim
1786 563 1841 601 in·

568 635 627 667 ter
661 640 687 667 x
721 636 757 666 et
778 639 811 677 y
833 658 843 676 7
874 637 967 678 quae
1010 625 1240 664 coordinatas
1283 635 1414 664 cuniae
1446 623 1688 670 denotabunt,
1719 626 1839 676 requi-

568 692 660 730 ritur
700 689 903 742 algebraica
925 722 935 740 ‚
986 689 1082 728 vnde
1115 687 1276 740 quaestio
1310 687 1405 726 circa
1447 698 1571 726 curuas
1620 686 1844 740 algebraicas

567 755 759 802 versatur,
805 761 842 791 et
892 764 978 792 cum
1029 751 1137 790 liuius
1184 762 1317 790 curuae
1375 762 1479 789 arcus
1527 751 1722 790 indefinite
1773 762 1844 803 per

554 811 906 868 JV(dx²—÷-dy²)
955 814 1191 866 exprimatur
1215 842 1226 862 ‚
1274 814 1420 866 quoties
1454 813 1518 853 ista
1552 814 1713 853 formula
1743 814 1840 866 alge·

568 877 689 917 braica
723 877 908 926 reddetur,
943 877 1053 916 toties
1085 875 1159 929 ipsa
1190 888 1300 917 curua
1332 877 1400 915 erit
1429 875 1692 917 rectificabilis.

675 969 806 1011 Simili
844 969 964 1009 modo
1004 969 1030 1010 fi
1073 983 1208 1011 omnes
1254 983 1316 1011 eae
1350 982 1481 1011 curuae
1514 972 1745 1025 algebraicae
1778 973 1845 1013 de-

568 1033 780 1081 siderentur,
815 1044 906 1085 quue
938 1033 1003 1072 sint
1037 1035 1278 1085 quadrabiles,
1311 1035 1542 1087 perspicuum
1574 1035 1640 1083 est,
1659 1036 1847 1086 quaestio-

570 1109 661 1136 nem
708 1096 783 1135 liuc
817 1095 940 1133 redire
960 1123 970 1142 ‚
1004 1105 1046 1133 vt
1079 1109 1145 1135 eac
1179 1097 1372 1134 relationes
1402 1098 1499 1134 inter
1531 1097 1750 1147 quantitates
1781 1093 1850 1150 val⁴

571 1159 716 1200 riabiles
748 1170 776 1198 x
809 1167 848 1196 et
876 1171 899 1207 γ
928 1157 1169 1209 assignentur,
1203 1159 1330 1211 quibus
1362 1157 1453 1197 haec
1484 1159 1646 1198 intitul-a
1665 1160 1851 1211 integralis

559 1219 682 1276 sydx
715 1220 1001 1272 integrationem
1035 1221 1218 1271 admittat,
1251 1231 1360 1273 atque
1387 1221 1431 1259 :id
1464 1219 1632 1260 valorem
1665 1221 1849 1272 algebrai-

572 1298 660 1326 cum
695 1284 927 1338 perducatur.

721 1377 800 1418 Etfi
839 1386 964 1417 autem
1005 1376 1069 1418 hic
1104 1375 1336 1430 potissimum
1379 1377 1601 1430 quantitates
1629 1376 1852 1430 algebraicae

572 1441 656 1482 sunt
688 1441 900 1494 propositae
920 1473 931 1492 ,
981 1442 1135 1492 perinde
1169 1451 1281 1493 atque
1315 1443 1350 1479 in
1382 1441 1569 1480 methodo
1601 1439 1849 1494 Diopliantea

573 1506 797 1555 quantitates
829 1504 1027 1543 rationales
1061 1502 1214 1555 speetairi
1247 1503 1392 1556 soltnt3
1441 1515 1570 1543 tamen
1619 1516 1667 1542 eo
1701 1517 1851 1556 quoque

574 1565 788 1606 referendae
838 1567 918 1605 sunt
966 1567 1149 1606 eiusmodi
1201 1566 1427 1618 quaissiones
1448 1597 1459 1616 ‚
1508 1566 1635 1619 quibus
1668 1565 1851 1607 formulae

574 1630 772 1682 quaepiam
815 1628 1008 1681 integrales
1039 1641 1114 1668 non
1164 1628 1366 1681 :ilgelnraice
1399 1630 1596 1682 exprimi,
1649 1629 1722 1669 sed·
1761 1642 1852 1681 pro-

576 1692 737 1745 positam
788 1693 968 1744 quandam
1020 1693 1357 1731 transcendentium
1410 1693 1653 1746 quantitatum
1687 1691 1851 1745 speciem

576 1755 777 1807 implicare
809 1756 977 1808 debent3
1009 1754 1125 1794 veluti
1160 1755 1185 1794 si
1220 1747 1438 1808 quaeiantur
1501 1755 1688 1795 eiusmodi
1719 1767 1851 1795 ciiruae

576 1817 822 1868 algebraicae‚
854 1830 1010 1871 quarum
1062 1817 1284 1857 testificatio
1334 1831 1414 1858 non
1467 1818 1674 1871 algebraice
1721 1817 1851 1871 perfici

577 1889 702 1933 queat,
752 1881 809 1920 sed
851 1894 873 1921 a
906 1881 1117 1934 quadratura
1164 1882 1289 1921 circuli
1320 1882 1489 1935 pendeat.
1575 1881 1708 1920 Variae
1745 1881 1850 1919 enirn

579 1944 919 1984 transcendentium
969 1945 1214 1997 quantitatum
1264 1944 1401 1997 species
1449 1942 1751 1983 commodiffime
1785 1954 1853 1994 pet

580 2006 819 2059 quadraturas
849 2008 1083 2059 cognitarum
1138 2019 1333 2046 curuarum
1387 2005 1631 2057 designantur.
1726 2005 1853 2046 Facile

580 2078 706 2111 autem
739 2070 966 2122 intelligitur,
998 2070 1157 2109 eandem
1194 2068 1434 2119 methodum,
1468 2081 1560 2121 quae
1585 2080 1711 2109 curuas
1742 2068 1854 2108 resti-

579 2131 747 2174 ficabiles
793 2133 966 2174 inuenire
995 2133 1107 2173 docet
1128 2163 1139 2183 ,
1172 2143 1318 2186 quoque
1348 2131 1396 2172 ad
1427 2143 1488 2172 eas
1519 2144 1660 2186 curua5‚
1694 2143 1853 2186 quarum

1706 2192 1854 2237 rectifi-
