2062 2664
324 137 832 183 THEOREMATIS
895 138 1359 201 FERMATIANI.
1413 157 1472 198 33

209 255 368 298 Ressdua
401 251 463 293 hic
490 263 541 291 eo
571 249 700 301 ordine
719 279 732 299 ,
765 262 843 299 quo
874 264 926 291 ex
959 254 1143 304 quadratis
1171 254 1377 309 nascuntur,
1396 257 1477 299 sunt

209 318 350 372 posita,
384 327 461 354 non
480 337 494 342 -
514 311 650 352 refidua
681 320 808 351 autem
830 342 840 360 ,
880 314 961 366 quia
977 315 1080 354 nullo
1097 320 1228 357 ordine
1246 322 1474 362 conneetun-

210 391 294 431 tur,
339 390 360 418 a
400 376 573 415 minimis
611 375 657 414 ad
700 376 846 415 maiora
878 378 1155 429 progrediendo
1194 383 1477 426 conoe-animus,

209 439 403 493 Exemp1a
443 438 537 478 haec
576 449 728 491 quoque
766 439 805 478 in
846 450 934 480 eum
970 438 1088 481 finem
1120 439 1254 482 seruire
1288 455 1478 496 poterunt,

210 517 255 547 vt
284 507 322 546 in
354 503 399 542 iis
427 500 674 555 proprietates
703 500 932 543 refiduorum
965 512 1054 544 ante
1085 503 1366 548 demonstratae
1391 519 1478 549 exa-

209 569 412 610 minentur.

509 659 1055 704 THEOREMA
1121 677 1162 714 9.

359 751 434 792 47.
485 738 527 781 Si
574 753 624 782 ex
670 741 849 783 diuifione
881 742 1147 796 quadratorum
1183 757 1249 798 per
1278 757 1479 787 numerum

209 807 375 861 primum
415 814 515 860 p:
535 812 710 858 κρῆ-ι
761 815 926 845 nascatur
961 805 1055 846 haec
1096 807 1202 847 series
1231 809 1480 860 refiduorum,

213 883 261 920 1,
293 884 343 921 α,
377 867 421 921 ξ,
459 882 524 923 γ,
560 865 588 908 ὃ
602 900 613 919 ,
655 876 728 907 etc.
780 867 945 921 haecque
992 870 1098 909 seties
1130 872 1481 928 non-refiduorum

208 947 248 986 a,
279 933 313 983 b,
345 947 378 977 c,
411 932 446 981 d,
480 944 513 981 ε,
545 941 620 971 etc.
654 939 767 983 atque
798 932 836 971 in
872 930 943 971 hac
985 932 1077 971 serie
1113 943 1191 972 non
1211 958 1229 965 -
1248 934 1483 977 refiduorum

208 1008 376 1038 occurrat
410 1007 584 1037 numerus
623 1006 659 1046 r,
692 994 730 1034 in
762 994 898 1035 eadem
935 1006 1083 1048 quoque
1113 1003 1305 1035 occurrent
1354 1008 1488 1037 omnes

209 1059 252 1099 hi
302 1061 448 1098 numeri
500 1069 569 1108 αν,
603 1056 671 1107 ἓν,
703 1069 787 1110 vr,
820 1054 892 1108 δν,
932 1067 1006 1096 etc.
1061 1057 1125 1096 vel
1172 1070 1306 1104 eorum
1345 1061 1483 1112 tefidua

212 1121 393 1162 diuifione
426 1132 494 1174 per
522 1127 554 1175 p
586 1118 730 1160 reneka.

433 1232 1253 1282 DEMONSTRATIO.

358 1318 579 1373 Quicunque
630 1315 734 1355 enim
769 1315 908 1356 horum
944 1329 1202 1369 numerorum,
1237 1328 1281 1359 vt
1315 1332 1382 1372 αν,
1418 1323 1482 1362 vel

210 1384 249 1424 in
281 1383 370 1423 serie
401 1380 631 1422 refiduorum
664 1381 879 1420 continetur
900 1410 912 1431 ‚
966 1381 1025 1420 ve}
1059 1382 1096 1420 in
1131 1383 1217 1423 ferie
1259 1395 1335 1424 non
1354 1407 1373 1414 -
1392 1385 1483 1426 refi-

211 1448 383 1487 duorum.
452 1447 510 1485 At
541 1455 628 1484 cum
664 1456 689 1483 α
722 1444 757 1482 in
790 1444 877 1483 ierie
911 1442 1140 1485 refiduorum
1173 1448 1422 1500 contineatur,
1454 1449 1482 1490 fi

212 1523 267 1551 αν
299 1510 440 1552 ibidem
474 1507 739 1549 contineretur,
767 1505 972 1546 necessario
1002 1514 1149 1562 qnoque
1178 1521 1201 1548 r
1232 1511 1271 1550 in
1301 1511 1391 1551 serie
1425 1525 1480 1557 re-

211 1573 401 1614 fiduorum
452 1570 641 1611 existeret.
736 1570 863 1625 Quare
911 1582 996 1611 cum
1030 1583 1098 1624 per
1120 1570 1354 1633 'hypothesm
1385 1587 1407 1615 r
1441 1576 1483 1616 fit

214 1635 388 1675 numerus
418 1647 470 1674 ex
502 1634 592 1673 statie
626 1633 983 1681 non-refiduorum,
1017 1646 1193 1675 numerus
1227 1648 1283 1677 αν
1316 1650 1393 1678 non
1412 1639 1483 1678 erit

215 1698 254 1737 in
305 1697 392 1737 serie
443 1698 670 1738 refiduorum
691 1725 704 1744 ‚
754 1695 906 1743 habebit
952 1709 1045 1749 ergo
1076 1709 1133 1737 ar
1164 1698 1291 1740 locum
1327 1703 1364 1741 in
1395 1703 1482 1741 serie

215 1759 554 1800 non-tefiduorum
574 1791 586 1810 ,
619 1759 718 1812 quod
752 1759 855 1800 idem
885 1760 931 1800 de
949 1761 1113 1801 numetis
1145 1759 1203 1812 ἓν,
1232 1774 1307 1817 fyr,
1328 1760 1390 1815 ὃν,
1408 1774 1480 1804 etc.

214 1823 341 1863 valet:
393 1823 511 1878 Quod
564 1832 684 1863 autem
737 1823 1073 1873 demonstrauimus
1122 1826 1169 1863 de
1203 1824 1262 1865 his
1293 1827 1484 1879 produffis

217 1886 284 1941 βν,
322 1897 405 1940 vr,
438 1883 507 1934 ὃν,
543 1895 610 1925 etc.
649 1885 675 1926 s1
711 1885 780 1926 fiut
811 1887 962 1936 maiora,
996 1901 1109 1940 quam
1141 1896 1182 1942 p,
1215 1889 1252 1929 id
1272 1889 1483 1942 intefligen·

212 1952 305 1989 dum
357 1948 409 1987 est
449 1949 495 1988 de
528 1948 706 1999 refidnis,
755 1961 848 2003 quae
876 1949 971 1990 haec
1003 1951 1186 2004 prodwsta
1221 1965 1289 2006 per
1315 1961 1346 2007 p
1374 1954 1482 1994 diuisa

213 2012 441 2065 relinquunt.

279 2091 318 2132 T
319 2104 398 2133 om,
410 2090 461 2142 V.
472 2089 578 2131 Nou.
592 2088 707 2130 Corn.
972 2091 1009 2133 E
1053 2139 1061 2146 ·
1282 2091 1480 2133 COROL.
