2062 2664
337 162 407 205 IN
442 158 728 203 ANALYSI
763 153 1267 201 INFINITORV'M.
1354 165 1434 203 131

541 266 1068 309 SCHOLION.

311 356 378 400 6'9.
431 349 486 388 Vt
538 349 646 400 igitur
679 348 796 387 finem
833 347 918 387 huic
953 348 1192 400 disquisitioni
1228 349 1443 403 imponam,

173 417 355 457 eximium
391 415 464 452 eius
494 409 600 451 Vsum
637 412 675 450 in
711 410 887 449 soluendis
920 412 1124 463 praecipuis
1162 411 1266 449 huius
1304 415 1446 464 generis

175 478 489 532 pioblematibus,
539 486 630 525 quae
661 473 813 527 quidem
847 473 965 513 adhuc
997 473 1074 512 sunt
1103 474 1239 526 agitata
1258 504 1268 523 ‚
1318 475 1444 513 osten-

173 543 273 581 dam.
369 538 569 576 Versantur
617 545 744 576 autem
793 536 884 576 haec
937 537 1168 589 problemata
1209 535 1444 588 potissimum

173 604 266 643 circa
312 612 437 640 curuas
479 599 739 639 testificabiles
786 601 1036 651 algebraicas,
1085 599 1337 652 quamobrem
1390 610 1442 638 ex

172 663 360 704 methodis
393 663 571 702 haetenus
605 664 743 702 traditis
774 663 893 715 plures
925 662 1101 702 deriuabo
1138 661 1282 714 regulas
1301 695 1312 714 ,
1356 674 1442 714 qua-

171 739 251 766 rum
288 738 364 778 ope
397 735 473 777 tot,
525 736 613 778 quot
645 726 820 768 lubuerit‚
849 739 973 765 curuas
1005 726 1224 778 algebraicas
1256 724 1444 765 testifica-

169 789 261 828 biles
294 789 456 841 reperire
489 788 622 838 liceat,
659 790 756 828 vnde
791 789 894 828 simul
929 789 1084 841 patebit,
1116 788 1315 841 quomodo
1347 789 1444 827 eius-

170 852 276 891 modi
326 863 459 891 curuae
509 851 736 904 algebtaicae
772 851 839 890 sint
873 852 1126 899 inueniendae,
1162 863 1312 902 quarum
1348 851 1444 889 inte-

167 915 290 966 gratio
320 928 339 954 a
374 915 456 954 data
491 915 654 967 pendeat
683 915 899 966 quadratura
919 946 930 965 ,
969 916 1018 952 ita
1052 922 1096 952 vt
1127 914 1258 951 omnia
1293 912 1445 964 proble-

170 988 301 1028 mata,
351 991 442 1029 quae
491 990 565 1030 ope
606 977 812 1030 cuiuspiam
853 978 1092 1030 quadraturae
1125 975 1194 1014 fint
1223 974 1444 1026 construosta,

169 1037 273 1078 facile
309 1040 722 1091 perrectificationem
753 1052 885 1079 curuae
913 1038 1134 1090 algebraicae
1167 1037 1339 1089 expediri
1357 1050 1444 1090 pos-

169 1101 250 1140 fint.
318 1102 420 1140 Tum
456 1114 552 1140 vero
585 1114 661 1140 non
698 1103 817 1154 magis
847 1102 919 1141 erit
949 1099 1103 1140 difficile
1135 1101 1323 1139 eiusmodi
1363 1113 1447 1140 cut-

168 1173 235 1201 vas
270 1163 492 1214 algebraicas
524 1165 719 1212 exhibere,
753 1177 905 1215 quarum
941 1162 1159 1203 rectificatio
1193 1160 1387 1202 indefinita
1421 1175 1443 1204 a

166 1224 253 1263 data
287 1226 502 1275 quadratura
537 1225 719 1275 pendeat,
756 1238 847 1276 quae
880 1236 1008 1265 tamen
1041 1224 1162 1264 nihilo
1181 1223 1305 1263 minus
1322 1237 1442 1266 vnum

167 1286 337 1339 pluresue
369 1286 454 1326 imo
485 1288 645 1338 praecise
678 1296 735 1325 tot
756 1315 765 1333 ‚
798 1298 889 1338 quot
924 1287 1082 1326 lubuerit
1101 1318 1112 1335 ,
1145 1286 1310 1325 habeant
1339 1300 1444 1327 arcus

167 1349 346 1388 definitos
393 1350 599 1401 algebraice
648 1349 891 1402 affignabiles.
988 1348 1165 1403 Denique
1218 1348 1447 1401 solutionem

167 1413 249 1454 mei
282 1411 376 1452 illius
407 1412 651 1465 problematis
683 1413 727 1451 dc
760 1414 899 1452 duabus
932 1413 1054 1452 curuis
1074 1440 1084 1455 ‚
1136 1414 1174 1451 in
1212 1412 1343 1464 quibus
1382 1424 1444 1452 ar..

167 1487 280 1514 cuum
333 1475 528 1516 communi
575 1474 743 1515 abscissae
775 1475 1080 1528 respondentium
1113 1476 1264 1516 sumnia,
1294 1474 1360 1515 fiat
1390 1474 1443 1516 al-

165 1538 350 1589 gebraica‚
381 1551 432 1578 ex
465 1538 522 1578 his
555 1539 747 1592 principiis
778 1539 976 1578 deducam,

470 1665 1000 1708 PROBLEMA
1071 1675 1140 1715 17.

316 1750 388 1799 70.
423 1744 594 1785 Inuenire
629 1759 753 1787 curuas
785 1747 1001 1800 algebraicas
1046 1746 1331 1798 testificabiles‚
1381 1748 1443 1801 ieri

167 1818 324 1860 quarum
363 1819 498 1848 ornnes
525 1822 629 1849 arcus
662 1810 869 1863 aigehraice
903 1811 1077 1852 exhiberi
1110 1820 1260 1866 queant.

588 1925 1024 1973 SOLVTIO.

313 2004 396 2047 Sint
450 2019 581 2047 curuae
617 2010 854 2051 coordinatae
883 2011 1153 2065 orthogonales
1185 2023 1213 2053 x
1249 2018 1286 2051 et
1306 2023 1352 2063 y,
1383 2022 1444 2048 ²11·-

166 2080 302 2123 cusque
337 2069 396 2110 his
430 2071 656 2114 coordinatis
690 2074 916 2127 respondens
949 2089 1003 2114 :z
1028 2090 1065 2118 z.
1163 2076 1297 2128 Primo⁴
1332 2072 1441 2124 igitur

875 2137 913 2178 R
950 2149 976 2175 2
1324 2144 1437 2187 quae-
