2062 2664
556 186 612 231 48
866 169 1525 219 DEMONSTRATIO

557 300 685 330 torum
720 300 788 340 per
813 296 841 343 p
873 288 1090 339 diuifibilis,
1125 300 1216 341 quae
1249 286 1400 340 quidem
1442 284 1617 339 quadrata
1655 284 1723 325 sint
1762 286 1822 327 in-

557 362 615 392 ter
652 351 686 390 se
722 352 858 404 prima.

933 437 1324 481 COROLL.
1403 453 1444 489 4.

710 528 779 571 83.
834 520 941 561 Nulli
989 532 1081 571 ergo
1128 519 1189 559 alii
1233 522 1376 560 numeri
1408 519 1525 573 primi
1559 519 1822 571 relinquuntur,

557 586 603 626 ad
652 597 744 638 quos
792 583 993 623 theorema
1045 581 1117 621 hoc
1168 584 1452 622 accommodari
1488 593 1618 635 queat,
1667 582 1734 622 nisi
1761 583 1824 635 qui

557 650 818 690 contineantur
843 647 883 686 in
916 646 986 686 hac
1017 646 1141 684 forma
1172 654 1325 695 4714-
1350 658 1391 683 1.

939 770 1454 814 SCHOLION.

711 884 778 926 84.
815 876 879 916 An
912 886 1036 917 autem
1070 889 1202 917 omnes
1220 878 1363 917 numeri
1384 876 1496 929 primi
1516 877 1662 917 formae
1680 883 1821 927 47241

559 942 656 981 hunc
690 940 850 980 habeant
884 942 1157 992 proprietatem
1179 973 1189 991 ,
1240 951 1285 979 vt
1319 941 1357 978 in
1399 941 1553 981 seriebus
1600 941 1830 982 residuorum

560 1005 644 1044 inde
676 1005 768 1044 ortis
799 1004 975 1055 cuiusque
1007 1005 1158 1044 termini
1192 1004 1521 1056 complementum
1556 1005 1661 1045 simul
1688 1006 1828 1046 ibidem

560 1067 794 1119 reperiatur,
827 1066 889 1105 hie
922 1067 1092 1105 nondum
1127 1067 1180 1105 est
1212 1067 1530 1117 demonstratum,
1562 1080 1680 1119 neque
1705 1068 1832 1120 despe-

559 1131 717 1170 randum
751 1129 908 1178 videtur,
943 1129 1029 1181 quin
1060 1141 1109 1168 ex
1143 1128 1199 1167 his
1232 1129 1364 1167 iisdem
1386 1129 1579 1181 principiis
1597 1130 1832 1169 demonstra-

561 1194 617 1232 tio
650 1192 736 1231 elici
766 1200 876 1243 queat
895 1222 905 1240 ,
939 1191 1002 1230 etsi
1033 1191 1201 1229 nondum
1235 1191 1330 1230 mihi
1364 1193 1514 1242 quidem
1547 1203 1596 1229 eo
1615 1194 1829 1244 pertingere

562 1256 679 1296 licuit.
762 1252 880 1294 Series
926 1262 1052 1305 autem
1105 1253 1331 1292 residuorum
1366 1264 1415 1290 ex
1448 1253 1729 1304 simplicioribus
1761 1266 1829 1292 nu-

561 1319 673 1358 meris
705 1316 840 1369 primis
871 1315 975 1354 huius
1005 1314 1150 1354 formae
1181 1325 1286 1354 ortae
1326 1316 1486 1367 sequenti
1524 1316 1646 1356 modo
1687 1316 1721 1354 ie
1763 1316 1827 1356 ha·

560 1381 656 1425 berit
677 1410 689 1431 ‚
724 1379 787 1419 vbi
822 1379 975 1432 quidem
1008 1379 1146 1418 residua
1176 1378 1323 1417 semiffe
1354 1380 1526 1431 cuiusque
1568 1379 1715 1420 numeri
1750 1392 1829 1419 ma-

562 1445 640 1484 iora
673 1454 742 1495 per
774 1453 949 1482 numeros
981 1442 1171 1494 negatiuos
1217 1441 1398 1482 exhibere
1448 1442 1569 1487 visum
1619 1442 1700 1492 est,
1751 1455 1845 1496 quo..

561 1506 719 1559 Ειρϋίιιε,
750 1517 933 1558 quaenam
967 1504 1035 1544 sint
1066 1505 1227 1545 aliorum
1248 1504 1543 1556 complementa,
1560 1515 1757 1559 appareat:

503 1588 526 1628 5
581 1571 753 1634 {17-1}=;
795 1571 1282 1632 13{1,4‚÷4‚·3‚-1‚—3}3
1320 1570 1892 1632 17{1‚4‚—8,—1,8‚2‚-2‚-4}

502 1660 563 1698 29
586 1645 660 1704 {1²
680 1662 720 1698 4·
744 1658 992 1699 9‚“13›*4‚
1011 1658 1137 1699 7)*9)
1158 1649 1227 1698 67*
1244 1650 1287 1698 6>
1312 1658 1380 1699 13)
1408 1656 1590 1698 5,-1,—5
1608 1682 1618 1699 ν
1639 1644 1732 1703 ‘’7}

504 1729 562 1767 37
586 1711 1891 1785 {1,4,9‚16‚-12‚—-1,127ae10‚7,-11,107-4.,·—16‚11‚3,-3,-7‚-9}

565 1789 614 1833 h
663 1788 719 1828 his
764 1789 874 1840 igitur
904 1787 1060 1844 seriebus
1092 1785 1328 1840 perspicuum
1361 1790 1436 1839 est,
1477 1793 1648 1837 cuiusque
1683 1788 1832 1829 termini

564 1851 891 1903 complementum
942 1851 1050 1892 fimul
1097 1852 1135 1890 in
1182 1849 1225 1890 iis
1254 1862 1462 1892 occurrere.
1559 1853 1673 1907 Quod
1706 1859 1831 1890 autem

563 1913 640 1955 hoc
673 1915 870 1954 neceffnrio
903 1914 1062 1961 eueniat,
1097 1914 1123 1953 fi
1154 1913 1289 1955 diuisor
1322 1915 1364 1955 sit
1395 1926 1569 1955 numerus
1588 1915 1729 1966 primns
1753 1911 1829 1951 for-

567 1988 652 2018 mae
686 1989 754 2026 4n
776 1984 837 2022 -l-
863 1988 899 2023 1,
932 1977 1201 2018 demonstratio
1236 1978 1375 2017 ᾱιι·εᾶει
1425 1976 1545 2016 adhuc
1596 1976 1832 2026 desideratur,

564 2051 659 2094 quae
692 2039 768 2082 hoc
798 2040 917 2079 modo
946 2041 1080 2080 institui
1111 2040 1244 2078 debere
1279 2040 1436 2078 videtur.
1501 2038 1660 2079 Prodeat
1690 2050 1740 2077 ex
1760 2050 1830 2077 nu-

567 2114 679 2161 mero
706 2103 837 2163 primo
870 2115 900 2153 4
917 2114 940 2142 n
958 2109 1023 2150 -ι-
1048 2114 1066 2141 1
1090 2101 1184 2142 haec
1203 2100 1306 2142 sexies
1323 2102 1550 2153 residuorum
1573 2114 1590 2141 1
1599 2096 1830 2159 otsssyss,

1752 2174 1823 2204 etc.
