2062 2664
648 193 735 240 298
816 186 910 232 DE
938 182 1256 230 COCHLEA
1287 181 1755 228 ARCHIMEDIS..

643 299 691 340 fic
736 300 839 339 enim
889 301 1021 352 vtique
1069 298 1237 338 celeritas
1264 297 1414 338 initialis
1439 309 1555 350 aquae
1588 296 1810 349 progreffiua
1843 312 1913 352 per

639 361 829 401 cochleam
865 361 908 401 fit
943 362 1088 401 :coll
1109 357 1139 414 ζ
1158 356 1226 401 Vk.
1324 359 1390 400 Sin
1424 370 1548 399 autem
1602 359 1710 399 stitus
1761 362 1910 403 initi-alis

638 423 688 463 ita
720 424 981 477 concipiatur,
1030 433 1073 463 vt
1114 425 1287 463 obturato
1339 423 1501 463 inferiori
1554 421 1703 462 orificio
1752 423 1912 465 cochlea

639 487 678 525 in
726 499 865 539 gyrum
912 496 1069 539 agatur,
1122 495 1203 525 tum
1252 497 1349 524 vero
1397 486 1515 526 subito
1545 485 1734 525 orificium
1768 487 1910 527 iterum

639 550 793 602 aperiri,
841 561 933 601 aqua
983 549 1059 588 hoc
1108 558 1315 588 momento
1355 549 1425 589 sete
1458 549 1535 588 iam
1568 548 1613 587 ad
1645 559 1797 588 motum
1829 550 1910 590 tubi

638 612 985 651 accommodauerit
1015 611 1155 651 necefle
1181 611 1259 668 est,
1293 613 1343 651 ita
1373 621 1414 651 vt
1442 621 1522 651 tum
1557 623 1627 664 pro
1656 622 1783 652 motus
1801 612 1911 653 initio

638 673 801 713 fumum}
835 674 877 713 sit
907 686 1060 714 ‹12:0.
1141 673 1250 713 Hanc
1278 686 1369 727 ergo
1416 674 1467 715 ob
1517 686 1600 714 rem
1647 687 1737 726 aqua
1789 675 1912 715 statim

638 735 862 776 descendere
891 737 1073 789 incipiet,
1100 748 1224 789 neque
1255 735 1331 776 vlla-
1361 737 1440 776 eius
1472 746 1578 790 gutta
1610 737 1715 790 supra
1731 738 1912 788 ejicietur,

636 797 817 849 fiquidem
852 797 895 837 sit
928 798 1004 850 b>
1025 812 1061 839 c.
1123 800 1350 854 Quanquam
1387 808 1514 839 autem
1545 799 1648 839 hunc
1678 801 1802 840 casum
1834 812 1914 852 quo

639 857 753 900 ezo
785 859 941 900 feliciter
975 861 1157 914 expedire
1184 862 1319 913 licuit,
1373 870 1501 902 tamen
1529 875 1605 915 pro¹
1635 862 1704 902 situ
1738 861 1913 903 cochleae

636 920 839 971 inclinato,
874 922 966 962 nihil
997 924 1207 964 admodum
1240 936 1292 965 ex
1324 927 1545 978 aequatione
1579 926 1728 965 inuenta
1779 926 1913 966 elicere

636 983 743 1036 licet,
774 985 834 1024 sed
868 995 994 1027 natura
1027 995 1154 1026 motus
1181 999 1295 1039 aquae
1327 987 1387 1028 his
1417 989 1556 1029 cafibus
1605 988 1713 1027 nobis
1765 982 1917 1028 abscon-

636 1046 714 1087 dita
747 1056 898 1097 manet,
931 1059 1131 1100 propterea
1162 1051 1267 1101 quod.
1299 1050 1395 1090 haec
1424 1051 1596 1102 aequatio
1627 1051 1674 1089 ad
1710 1050 1916 1090 formulam

637 1110 897 1150 Riccatianam
927 1111 1117 1151 referenda
1153 1114 1367 1152 commode
1410 1112 1559 1151 tract-tri
1608 1112 1753 1164 nequit.
1851 1113 1917 1154 Ex

635 1184 715 1225 quo
765 1172 908 1224 insigne·
952 1174 1157 1223 Analyseos
1200 1174 1370 1214 defeetus
1396 1173 1625 1226 exemplum
1665 1174 1912 1224 agnoscimus,

635 1235 739 1287 quod
771 1233 964 1274 machinae
994 1235 1287 1288 frequentiffimo
1335 1235 1402 1274 vsu
1452 1235 1626 1274 maxime
1674 1233 1914 1286 peruulgatae

636 1297 792 1336 effeetus
819 1298 984 1349 pendeat
1013 1310 1035 1337 a
1063 1296 1288 1336 resolutione·
1318 1295 1531 1335 huiutmodi
1572 1294 1823 1346 aequ-ationis,
1853 1296 1936 1336 cui'

636 1358 796 1398 artificia
828 1357 868 1398 in
898 1358 1055 1409 Analysi
1104 1358 1229 1398 adhuc
1276 1358 1426 1398 detecta
1473 1369 1553 1397 nonv
1599 1355 1802 1405 sufficiant,
1851 1359 1917 1410 qui

635 1419 734 1459 casus
766 1419 863 1459 mihi
892 1422 992 1461 adeo
1024 1421 1205 1461 mirabilis
1234 1420 1290 1459 est
1320 1419 1439 1466 visus,
1476 1426 1524 1458 vt
1551 1417 1693 1456 etiamsi
1747 1419 1791 1458 in
1835 1414 1915 1460 vhae

635 1481 921 1534 inuestigatione
970 1483 1165 1534 stoptim,·
1210 1491 1326 1533 quem-
1378 1479 1474 1519 mihi
1508 1477 1802 1531 proposueram,
1832 1488 1913 1528 non

636 1544 852 1596 attigerim,
888 1552 1019 1583 tamen
1049 1543 1130 1583 hoc
1161 1552 1424 1595 argumentum
1472 1540 1737 1593 digniffimum
1785 1543 1914 1584 existi-

635 1606 851 1656 mauerim,
883 1618 962 1659 quor
990 1603 1286 1646 Geometrarum
1321 1606 1426 1644 vires
1453 1603 1500 1645 ad
1529 1603 1569 1644 id‘:
1596 1605 1749 1657 penitus
1790 1617 1918 1659 expe,-

634 1667 816 1707 diendum
866 1669 1090 1720 incitarem,
1136 1680 1213 1720 quo
1258 1668 1389 1708 labore
1441 1679 1520 1706 non
1569 1666 1692 1707 solum:
1738 1669 1914 1710 maxima

633 1730 842 1770 commoda
875 1731 914 1771 in
948 1730 1213 1772 Mechauicam
1248 1731 1523 1780 redundabunt,
1571 1728 1629 1769 sed
1661 1731 1776 1771 etiam
1808 1731 1913 1773 Am·

633 1791 755 1844 lyreos
785 1794 920 1835 limites
949 1794 1050 1837 haud
1079 1794 1321 1837 mediocriter
1354 1792 1699 1851 promouebuntur.

1806 2179 1912 2253 π

2043 1850 2046 1854 ¹
2042 1680 2062 1824 Ὗῆᾆνιιηηᾼ-
2059 1665 2062 1673 -
2057 1634 2062 1641 n
