2062 2664
301 199 376 242 IN
444 193 747 242 ANALYSI
809 195 1307 242 INFINITORVM.
1395 206 1451 249 87

180 311 399 353 reetificauo
429 321 448 348 a
483 308 566 348 data
598 307 812 360 quadratura
848 309 1031 360 pendeat,
1064 312 1296 352 inueniendas
1329 322 1457 365 aptam

182 375 274 425 fore,
308 375 344 414 id
377 372 473 426 quod
509 383 559 410 ex
590 371 820 422 sequentibus
852 372 982 411 clarius
1014 372 1266 423 perspicietur.

252 434 475 478 Huiusmodi
497 433 692 486 problema
711 434 787 473 iam
808 444 896 473 ante
913 434 1130 486 complures
1145 447 1258 475 annos
1284 448 1304 474 a
1324 435 1454 477 Celeb.

180 499 389 541 Hermanno
407 505 511 536 extat
531 497 780 550 propositum,
813 510 889 550 quo
906 498 1086 537 eiusmodi
1107 511 1257 538 curuum
1280 499 1458 551 algebrai-

179 576 260 603 cam
279 562 512 614 quaesiuerat,
526 573 615 612 quae
632 573 707 600 non
725 562 812 599 esset
832 560 1094 611 reetificabilis‚
1115 561 1174 601 sed
1194 562 1298 602 cuius
1315 562 1458 603 rectifi-

176 626 275 665 catio
307 638 325 664 a
358 624 578 677 quadratura
614 624 721 663 datae
754 637 888 664 curuae
916 626 1108 677 penderet,
1139 638 1231 678 quae
1252 636 1380 666 tamen
1400 627 1458 666 ni·-

175 687 260 727 hilo
291 688 413 728 minus
447 697 532 737 tot,
576 696 667 740 quot
702 688 870 737 lubuerit,
904 700 1006 727 arcus
1030 688 1193 728 absolute
1236 688 1457 730 rectificabi-

176 750 227 791 les
256 751 419 791 haberet.
487 750 745 802 Propofitione
797 751 906 791 huius
954 752 1198 804 problematis
1232 762 1312 793 tum
1345 762 1452 792 tem-

176 815 276 868 poris
308 813 475 854 summus
506 814 714 865 Analyseos
746 824 948 866 promotor
978 814 1061 856 Ioh.
1086 814 1310 856 Bernoullius
1328 816 1366 855 b.
1395 828 1454 856 m.

174 877 269 917 adeo
299 878 516 930 obstupuit,
567 886 610 916 vt
646 889 723 916 non
758 876 876 917 solum
925 877 999 918 hoc
1035 879 1234 930 problema
1267 879 1313 918 ab
1347 879 1457 919 Her-

174 952 301 981 manno
339 941 496 981 solutum
530 940 601 980 effe
633 952 711 979 non
743 940 972 991 crediderit,
1027 940 1087 978 sed
1128 942 1246 979 etiarn
1282 941 1453 992 fitgacita-

174 1012 255 1043 tem
289 1003 494 1044 humanam
527 1003 638 1056 longe
671 1006 838 1056 (uperare
873 1003 1205 1056 pronunciauerit3
1240 1003 1339 1055 quod
1373 1003 1453 1055 qui-

175 1067 266 1105 dem
317 1067 459 1105 nemini
511 1068 650 1105 mirum
700 1068 821 1104 videri
858 1067 1003 1116 debet,
1051 1078 1137 1104 cum
1181 1066 1248 1104 illo
1281 1076 1456 1118 tempore

175 1128 271 1168 nulla
325 1129 436 1180 plane
491 1128 596 1168 vllius
639 1127 815 1167 methodi
867 1128 1018 1180 vestigia
1067 1128 1288 1180 patuissent,
1349 1129 1454 1170 cuius

173 1201 250 1242 ope
283 1189 498 1229 huiusmodi
531 1190 767 1242 problemata
803 1190 946 1229 trae‘tari
981 1190 1142 1243 possent,
1216 1190 1454 1234 Hermannus

171 1253 287 1291 etiam
339 1253 416 1291 eius
452 1250 673 1291 solutionem
725 1263 792 1304 per
824 1253 952 1304 longas
999 1252 1170 1305 ambages
1202 1265 1253 1292 ex
1292 1257 1453 1308 quadam

169 1313 352 1355 linearum
386 1327 582 1355 curuarum
615 1314 943 1367 contemplatione
978 1314 1159 1367 hauserat,
1190 1317 1290 1356 vnde
1327 1320 1455 1370 primo

169 1378 312 1418 intui-tu
346 1377 437 1418 nihil
469 1379 578 1431 plane
612 1378 862 1418 emolumenti
897 1379 941 1418 ad
975 1379 1210 1433 propositum
1247 1382 1449 1434 expee‘tare

170 1440 350 1493 licuerat,
402 1442 455 1481 ita
491 1452 532 1481 vt
568 1443 766 1494 inopinato
805 1443 850 1482 ad
882 1441 1104 1483 solutionem
1139 1453 1225 1483 ante
1260 1445 1452 1497 peruenis-

168 1499 234 1557 'set,
267 1517 378 1558 quam
411 1506 459 1544 de
490 1506 568 1558 ipso
610 1506 848 1557 problemate
882 1505 1092 1556 cogitasset.
1185 1506 1270 1546 Visa
1321 1518 1450 1548 autem

168 1567 232 1608 ista
268 1569 474 1609 Hermanni
506 1569 698 1619 solutione,
732 1566 954 1609 Bernoulfms
979 1568 1094 1607 etiam
1115 1568 1223 1609 aliam
1252 1571 1453 1622 publicauit

169 1629 391 1671 solutionem
423 1644 472 1671 ex
505 1632 577 1671 {ola
613 1631 746 1682 analysi
781 1632 959 1682 petitam:
1001 1631 1056 1670 sed
1088 1633 1193 1671 cuius
1225 1632 1443 1673 fundamen-

170 1701 253 1731 tum
289 1702 482 1746 tantopere
514 1695 566 1735 est
600 1695 889 1745 absconditum,
948 1703 990 1733 vt
1038 1694 1267 1735 diuInatione
1303 1697 1446 1748 potius,

168 1768 282 1807 quam
322 1756 390 1795 vlla
423 1768 522 1796 certa
555 1759 632 1809 via,
666 1758 843 1798 formulas
874 1758 952 1797 suas
971 1756 1188 1798 solutionem
1208 1760 1446 1806 continentes

167 1818 302 1857 eruiffc
337 1819 520 1861 videatur.

322 1879 422 1920 Cum
458 1882 531 1922 hoc
566 1882 763 1935 problema
797 1897 871 1925 non
906 1884 1024 1925 solum
1060 1886 1111 1926 ob
1129 1884 1335 1937 summam,
1375 1899 1447 1939 qua

168 1942 457 1995 implicabatur,
516 1945 774 1987 difficultatem
795 1981 807 2000 ,
874 1948 931 1987 sed
982 1950 1095 1989 ctiam
1148 1950 1198 1989 ob
1250 1950 1438 1989 eximium

169 2006 302 2055 Vsum,
338 2009 399 2059 qui
434 2007 519 2047 inde
556 2008 593 2046 in
627 2010 788 2059 analyfin
821 2012 1025 2052 redundare
1043 2012 1249 2063 videbatur,
1266 2012 1440 2056 omnium

169 2076 251 2108 tum
299 2076 487 2122 temporis
537 2069 834 2113 Geometrarum
895 2075 1181 2115 admirationem
1234 2075 1445 2120 excitasset,

165 2142 283 2174 nemo
315 2141 444 2175 tamen
477 2143 655 2187 quantum
688 2137 862 2189 constat,
894 2138 934 2179 in
968 2143 1110 2179 certam
1140 2146 1250 2188 atque
1268 2136 1328 2176 *ad
1362 2135 1449 2175 hu·-

1385 2209 1442 2238 rus
