2062 2664
295 161 785 210 THEOREMATIS
843 160 1304 207 FERMATIANI.
1387 173 1441 215 ,μ

473 267 511 307 T
542 266 580 307 H
616 265 649 305 E
684 266 722 305 O
754 268 790 307 R
826 267 862 309 E
896 267 943 307 M
976 268 1017 307 A
1084 281 1156 308 12.

333 377 403 419 67.
470 367 511 411 Si
541 369 671 409 omnia
712 370 888 423 quadrata
940 381 1009 422 per
1042 382 1246 409 numerum
1280 372 1449 424 primum

213 452 267 479 Ξ
288 454 315 488 4
333 448 355 476 n
378 456 416 461 -
442 446 458 470 1
499 434 741 485 diuiduntur,
792 434 950 487 indeque
981 435 1122 473 oriatur
1152 434 1257 472 series
1290 434 1447 474 rendum

182 515 264 543 rum
299 514 335 552 1,
370 512 403 544 α,
440 498 481 552 β,
518 510 572 551 Ὺ,
607 493 655 546 ὂ,
687 507 761 536 etc.
797 497 927 537 nullius
961 496 1090 537 refidm
1120 497 1447 550 complementum

181 565 287 606 ssmul
318 564 355 602 in
387 561 458 601 hac
489 561 579 600 lerie
613 560 845 602 refiduorum
878 561 1147 601 continebitur.

415 685 1240 731 DEMONSTRATIO.

323 794 467 836 Omnia
508 795 648 835 refidua
690 794 868 836 resultant
897 806 947 834 ex
977 793 1155 834 diuifione
1186 791 1323 832 horum
1357 802 1451 845 vqua-

177 859 371 898 dratorum
390 877 400 895 ι

393 933 430 972 1>
465 934 507 972 4,
542 934 586 970 9,
621 925 690 972 16,
729 931 801 973 25,
837 954 844 962 .
879 950 888 961 .
927 915 1385 973 .....(2n-1)²

175 984 345 1025 residua:
394 997 430 1035 1,
462 998 499 1036 α,
536 985 576 1038 β,
635 999 692 1040 ry,
762 983 800 1033 ὃ,
839 1010 1122 1025 .......
1220 991 1242 1020 ’ν

179 1059 354 1088 numerus
401 1061 492 1100 ergo
533 1049 671 1089 horum
705 1050 936 1089 refiduorum
973 1046 1025 1085 cst
1057 1057 1112 1083 z:
1136 1056 1158 1081 2
1179 1056 1201 1083 n
1221 1065 1262 1070 —
1286 1056 1305 1081 1
1343 1042 1448 1083 ideo-

178 1122 247 1161 que
281 1110 419 1162 impar.
485 1110 541 1149 At
573 1111 600 1149 fi
633 1111 742 1149 vuius
775 1108 1290 1159 refiduioecomplementum
1322 1113 1452 1160 p-ot

107 1163 110 1167 ’
175 1175 236 1210 leu
256 1193 294 1197 —
314 1186 340 1211 α
372 1173 411 1211 in
445 1174 576 1211 eadem
607 1173 704 1215 serie
729 1183 890 1224 extaret,
922 1183 1004 1212 tum
1041 1171 1149 1210 fimul
1183 1170 1360 1209 omnium
1395 1182 1450 1210 re-

176 1233 362 1273 fiduorum
396 1234 684 1285 complementa
718 1234 859 1274 ibidem
895 1245 1089 1274 occurrere
1121 1232 1334 1283 deberent,
1384 1234 1450 1274 fic-

176 1308 248 1348 que
296 1309 384 1336 cum
434 1299 729 1350 vnnmquodqne
781 1299 965 1338 refiduum
1019 1297 1074 1336 bis
1101 1302 1138 1346 ‚1
1169 1306 1312 1347 nempe
1361 1308 1449 1337 cum

176 1359 285 1411 figno
318 1368 380 1404 —†-
415 1369 453 1399 et
484 1372 568 1399 cnm
603 1361 719 1412 fignof
742 1381 781 1387 --
814 1363 976 1408 adesset,
1012 1370 1187 1398 numerus
1218 1358 1448 1398 residuorum

175 1422 266 1461 esset
298 1435 376 1476 par.
474 1424 599 1478 Quare
629 1436 716 1465 cum
752 1425 795 1466 fit
829 1426 966 1476 impar,
1003 1421 1084 1462 fieri
1117 1422 1246 1475 nequit
1266 1451 1277 1472 ,
1313 1430 1356 1460 vt
1384 1420 1447 1462 vel

176 1486 278 1525 vnici
311 1485 440 1526 residui
473 1488 800 1541 complementum
837 1488 942 1529 simul
980 1487 1020 1526 in
1052 1486 1186 1527 eadem
1218 1484 1447 1526 refiduorum

178 1549 267 1589 serie
299 1549 548 1590 contineatur.

562 1672 954 1719 COROLL.
1024 1687 1063 1714 1.

327 1777 401 1822 67.
436 1774 475 1815 Si
496 1778 652 1820 vltimus
669 1780 770 1819 strici
797 1778 1030 1821 residuorum
1066 1775 1248 1815 terminus
1281 1783 1446 1828 ponatur

182 1848 235 1874 z:
257 1850 284 1887 ν,
319 1839 401 1889 qnia
429 1840 548 1879 oritur
574 1854 624 1881 ex
642 1844 823 1895 quadrato
840 1845 881 1888 (2
898 1855 969 1882 n—
988 1841 1037 1897 1)²
1058 1851 1212 1888 :amn
1230 1864 1271 1870 —
1290 1845 1401 1889 4n÷
1419 1848 1438 1875 t

181 1911 248 1951 per
295 1912 365 1948 471
388 1923 417 1928 -
449 1915 465 1939 1
515 1903 631 1944 diuiso
654 1936 661 1956 ,
711 1907 779 1945 erit
837 1906 1020 1946 refiduum
1065 1916 1084 1945 ν
1103 1917 1155 1942 z
1176 1924 1214 1929 —
1239 1914 1262 1950 :3
1285 1909 1393 1947 n--}-
1418 1913 1437 1939 1

180 1974 233 2001 z
252 1974 304 2011 n,
356 1962 477 2003 sumto
516 1978 636 2018 quoto
667 1979 690 2007 n
709 1988 747 1993 —
771 1981 809 2008 1.
869 1969 975 2021 Ergo
1004 1969 1079 2008 eius
1109 1968 1445 2019 complementum

179 2038 260 2067 ·.-n
309 2028 367 2066 ieu
404 2041 426 2076 3
450 2039 530 2067 n—
553 2041 571 2067 1
630 2030 668 2071 in
719 2031 810 2074 serie
860 2032 1087 2074 refiduorum
1138 2042 1216 2071 non
1247 2028 1442 2082 reperitur.

1251 2092 1444 2132 Numerus

238 2152 360 2193 Tom.
376 2153 425 2193 V.
436 2153 541 2195 Nou.
553 2154 670 2197 Com.
975 2157 1007 2199 F
