2062 2664
286 177 805 240 ,QVADRVPEDVM
845 176 1280 223 DESCRIPTIO.
1335 189 1417 229 371

155 307 241 335 eam
291 294 452 335 deserere
503 292 660 343 cogitur.
721 291 830 331 Ordo
873 293 941 331 hac
976 294 1013 331 in
1050 292 1276 343 migratione
1310 291 1427 331 nullus

156 359 276 398 adhuc
308 358 515 398 obieruatus
546 353 624 393 fuit.
690 354 863 404 Accidit,
897 364 947 398 ‘vt
980 363 1163 393 transeant
1196 366 1340 394 tantum
1374 368 1424 394 re-

155 424 309 475 gionem
344 420 545 474 quandam,
580 417 728 459 accidit,
764 427 804 456 vt
838 417 1034 456 dimidiam
1071 416 1271 466 hiemem,
1317 428 1356 456 vt
1387 426 1426 456 et

154 486 354 537 integr-rm,
404 483 440 522 in
474 482 533 521 illa
583 482 739 528 vimnt,
792 481 957 530 accidit,
1009 490 1052 519 vt
1098 479 1245 532 prolem
1279 491 1425 519 tantum

160 548 312 601 gignant
344 556 380 586 et
412 545 512 585 breui
545 545 628 597 post
661 543 868 593 (incedant,
903 543 1093 583 interdum
1131 544 1246 582 etitm
1282 545 1425 588 accidit.

158 621 214 650 vt
246 623 316 664 per
346 619 531 660 rutegrnm
566 620 706 648 annum
749 609 785 647 in
819 610 959 647 eodem
995 607 1084 647 loco
1116 616 1340 657 morentur,
1391 616 1429 646 et

152 674 270 713 altero
318 672 439 712 adhuc
473 684 574 711 anno
622 672 770 725 prolem
822 672 960 711 ibidem
1009 672 1176 724 gignant.
1240 639 1429 722 Tempus,

153 748 230 788 quo
259 737 429 776 maxime
463 736 622 787 migrare
656 745 785 776 amant
805 766 815 785 ‚
850 734 937 774 illud
982 736 1052 785 est,
1100 723 1247 787 quande)
1282 735 1333 773 101
1366 734 1427 773 tub

145 798 355 840 ‚horizonte
390 799 568 839 occultari
604 800 764 852 incipit,
797 798 860 838 sub
892 800 1040 839 initium
1077 809 1216 850 nempe
1257 796 1424 837 Decem·-

156 862 241 902 bris.
301 864 426 918 Quam
458 864 655 915 regionem
690 861 953 912 deseruerunt,
997 874 1083 901 eam
1120 861 1201 911 post
1230 870 1307 912 tres
1340 872 1428 913 qua-

146 934 283 966 ·tuorue
314 938 429 966 annos
461 936 651 978 repetunt.
725 925 817 966 Non
848 923 922 963 hoc
957 927 1005 964 ita
1036 922 1324 974 intelligendum
1363 923 1427 974 cst,

105 1025 107 1027 ,
154 1001 199 1028 ac
233 989 259 1030 ss
291 990 476 1030 interdum
510 991 616 1043 regio
648 1001 722 1029 vna
755 998 792 1028 et
824 987 966 1040 altera,
1016 998 1103 1040 quas
1135 985 1294 1039 superius
1324 997 1426 1026 nata-

153 1052 207 1092 les
256 1052 391 1093 Ifatidis
443 1054 688 1106 pronunciaui
726 1081 736 1100 ,
790 1051 919 1091 Iihtide
971 1051 1135 1089 omnino
1189 1062 1304 1090 vacua
1353 1049 1423 1089 fit:

147 1115 299 1168 semper
330 1117 433 1155 enim
458 1116 646 1168 >quaedam
679 1113 889 1167 supersunt,
934 1115 1124 1167 omuino„
1174 1113 1303 1158 vttde
1346 1112 1427 1152 vul-

151 1178 260 1229 pibus
309 1180 545 1229 obferuatur,
594 1191 748 1231 quarum
783 1190 918 1230 magna
949 1189 1033 1229 pars
1063 1186 1249 1230 perpetuo
1284 1185 1427 1230 turma-

151 1238 222 1276 tim
257 1239 425 1288 migrat‚
476 1242 755 1278 remanentibus
799 1249 929 1278 tamen
959 1240 1106 1291 semper
1136 1240 1172 1277 in
1205 1241 1332 1291 quauis
1365 1252 1426 1279 re-

150 1300 263 1352 gione
296 1299 509 1352 quibusdam
543 1301 747 1339 indiuiduis.
831 1300 870 1340 Si
902 1303 1064 1352 quodam
1099 1301 1137 1339 in
1169 1302 1255 1340 loco
1287 1315 1426 1355 magna

148 1362 290 1403 lsatidis
322 1364 375 1413 vis
409 1362 586 1411 aduenit,
627 1363 879 1415 latratumqne
912 1364 1020 1412 edit,
1072 1376 1145 1416 pro
1175 1363 1278 1416 figno
1312 1365 1426 1404 habe.

151 1435 239 1474 tur,
291 1438 376 1465 eam
436 1438 503 1478 per
536 1427 683 1496 aliquod
718 1436 870 1478 tempus
899 1426 949 1465 ibi
981 1437 1305 1467 commoraturam
1341 1428 1422 1468 effe.

153 1489 195 1530 Si
230 1489 330 1528 vixit
362 1489 573 1542 aliquandiu
607 1490 645 1528 in
678 1490 844 1541 quodim
881 1489 967 1527 loco
989 1518 1000 1537 ,
1044 1491 1192 1540 editque
1223 1491 1423 1544 eiulatum,

142 1542 255 1592 breui
305 1551 388 1605 post
439 1565 526 1591 eum
579 1550 704 1590 locum
758 1550 902 1589 deserit.
961 1551 1071 1605 Qun
1099 1550 1205 1590 Tfatis
1238 1552 1424 1594 discedens

150 1616 288 1661 abea‚t
320 1615 559 1655 territoribus
591 1615 765 1665 ignotum
801 1612 864 1652 est.
943 1612 1161 1653 Iemseenses
1195 1613 1424 1670 suspicantur,

152 1691 174 1718 e
205 1679 354 1730 regione
391 1677 551 1716 Ieniseae
584 1676 685 1716 fluuii
719 1675 978 1716 abscedentem
1015 1676 1091 1717 Obi
1141 1677 1244 1716 fluuit
1296 1682 1421 1732 regio-

151 1753 240 1780 nem
278 1749 432 1793 peter‚e
467 1741 731 1779 aduenientem
785 1752 880 1779 vero
929 1741 1066 1779 exinde
1106 1742 1263 1780 venire:
1317 1743 1403 1783 Iura

157 1815 218 1842 ces
252 1804 371 1853 enim,
403 1803 463 1856 qui
498 1802 783 1843 Samoiedarum
816 1815 928 1856 genus
961 1805 1054 1854 tunt,
1077 1805 1114 1843 in
1149 1807 1301 1857 regione
1336 1807 1420 1847 ostii

153 1866 231 1906 Obi
265 1865 366 1905 fluuii
398 1868 537 1906 morari
573 1866 893 1918 soliti,1fi1tidum
927 1837 1194 1919 capiendarum
1228 1868 1344 1908 caussa
1378 1871 1420 1910 iis

153 1927 367 1982 praesertim
416 1931 518 1969 annis
549 1930 593 1969 ad
626 1931 662 1969 se
700 1932 830 1970 venire
853 1961 862 1978 ‚
912 1930 1042 1983 quibus
1075 1943 1209 1984 magna
1241 1934 1342 1985 apud
1383 1933 1418 1972 se

152 1991 326 2032 Ifiltidum
378 1994 489 2044 copia
541 1993 746 2045 habeatur,
801 1993 903 2046 quod
945 2006 1021 2033 non
1055 1996 1244 2045 timerent,
1297 1996 1320 2035 sl
1355 1996 1415 2035 vel

153 2054 313 2097 minima
346 2065 518 2108 capturae
553 2059 634 2110 (pes
683 2057 781 2111 apud
813 2056 896 2096 illos
929 2055 1037 2098 foret.

266 2138 269 2140 ·
803 2122 902 2160 Aaa
939 2132 961 2157 2
1264 2118 1416 2161 Isatides
