2062 2664
723 171 752 227 >s
788 184 840 222 25
881 172 907 229 J(

178 300 347 342 scientiae
380 297 582 351 penetralia
614 296 667 335 est
697 298 885 337 referenda
905 330 915 349 7
949 310 1036 337 cum
1059 311 1149 350 aqua
1172 312 1244 339 non
1265 313 1328 354 per
1346 300 1452 341 tubos

179 367 307 414 fixos,
340 365 391 401 vti
425 363 460 400 in
495 360 638 413 reliquis
669 361 853 413 plerisque
909 361 1096 401 machinis
1143 361 1186 401 fit
1226 393 1237 412 ,
1287 365 1342 404 led
1389 378 1453 416 pet·

182 429 337 469 mobiles
368 434 662 476 promoueatur,
696 425 796 463 cuius
845 434 968 464 motus
1014 426 1109 463 ratio
1157 426 1455 477 profundissimas

179 490 477 541 inuestigationes
525 487 697 539 postulat.
780 487 930 527 Auctor
980 488 1090 540 igitur
1139 489 1299 528 minime
1352 489 1455 528 huius

178 553 377 594 machinae
418 551 630 590 Theoriam
683 549 847 603 perfecte
898 550 1090 603 explicasse
1140 551 1348 603 gloriatur,
1397 553 1454 591 tert

176 628 334 669 opernm
370 616 472 653 dedit
494 645 503 659 ,
537 623 578 652 vt
611 626 696 652 eam
729 625 777 652 ex
817 613 1033 654 cmffiffimis
1084 615 1241 655 tenebris
1270 645 1282 664 ,
1331 616 1456 668 quibus

175 680 293 720 adhuc
313 689 390 717 erat
419 678 584 716 inuoluta
606 708 616 725 ‚
647 677 881 729 protraheret
904 708 915 727 ,
942 679 1050 730 eique
1068 677 1230 731 aliquam
1252 678 1377 719 saltem
1399 679 1457 718 lua

175 755 259 783 cem
292 741 510 781 affunderet.
546 739 760 780 Difficultas
793 742 944 793 quidem
982 743 1177 795 praecipua
1212 755 1285 781 non
1320 742 1454 781 tamin

177 805 367 859 principiis
403 814 528 844 motus
560 803 609 842 est
643 803 707 842 fita
728 834 738 853 ,
772 817 881 856 qnam
919 805 953 842 in
990 804 1099 856 ipsius
1132 805 1330 855 Aualyseos
1376 805 1456 844 sub-

176 869 303 920 fidiis;
338 878 459 907 totam
493 868 595 906 enim
633 865 845 905 Theoriam
878 866 958 906 finis
996 868 1155 906 feliciter
1188 868 1232 906 ad
1273 868 1465 906 calculum

175 943 348 971 reuocare
379 931 487 970 licuit
506 962 516 981 ,
550 930 650 969 cuius
681 940 809 969 antem
841 930 1009 969 euolutio
1049 929 1173 979 vires,
1209 941 1297 981 quas
1335 931 1457 969 adhuc

175 995 299 1035 sumus
328 995 477 1047 adepti,
511 996 675 1046 luperare
709 994 867 1032 videtur.
932 991 996 1031 De
1033 992 1153 1031 modo
1188 1001 1314 1031 autem
1337 1025 1347 1042 ‚
1382 1003 1458 1042 quo

175 1058 324 1099 Aud'tor
358 1058 432 1096 hoc
465 1057 622 1096 arduum
654 1066 918 1107 argumentum
954 1055 1194 1106 pertraecauit
1215 1087 1225 1106 ,
1259 1057 1328 1094 vix
1354 1055 1458 1108 qnid-

179 1132 291 1172 qnam
326 1118 458 1157 afferre
488 1117 603 1165 licet,
644 1116 774 1168 quod,
828 1117 893 1155 nisi
947 1117 1111 1155 vniuertzt
1146 1117 1317 1167 Analyfis
1351 1118 1458 1158 simul

178 1182 413 1233 explicetur,
449 1179 602 1230 intelligi
636 1187 778 1230 queat,
812 1179 905 1217 vnde
940 1178 1101 1218 lectores
1133 1178 1179 1218 ad
1214 1179 1327 1232 iplam
1373 1180 1460 1221 Dis-

177 1244 414 1282 sertationem
447 1241 700 1291 remittimtffi,
736 1240 798 1279 vbi
831 1242 1030 1294 complura
1082 1251 1210 1282 notatu
1242 1245 1352 1296 digna
1372 1277 1383 1295 ,
1418 1253 1458 1284 et:

178 1318 271 1360 quae
308 1306 474 1346 maxime
510 1306 702 1356 paradoxa
735 1305 929 1344 videantur
957 1338 967 1356 ,
1018 1305 1220 1345 inuenient.
1287 1306 1463 1360 Inprimis

179 1380 306 1410 autem
343 1368 551 1422 opt-andum
584 1367 664 1419 est,
699 1376 741 1406 vt
774 1377 813 1406 et
848 1368 906 1407 alii
928 1365 1156 1408 Geometrae
1178 1369 1246 1410 hac
1265 1370 1462 1410 occasione

179 1435 409 1480 excitentur,
441 1432 486 1470 ad
518 1432 618 1470 idem
653 1441 935 1483 argumentum,
968 1433 1115 1484 quisque
1136 1431 1195 1471 suo
1220 1445 1346 1482 more,
1366 1432 1462 1472 scru-

181 1497 334 1536 tandum
358 1525 369 1543 ‚
402 1506 477 1548 quo
513 1495 666 1534 tandem
696 1494 913 1547 pleniorem
948 1494 1053 1533 huius
1088 1495 1296 1535 machinae
1330 1495 1459 1536 Theo-

181 1559 275 1600 riam
309 1558 574 1612 consequamur
595 1588 606 1610 ‚
639 1569 692 1598 ex
722 1569 793 1611 qua
822 1558 898 1610 ipsa
931 1559 1060 1611 praxis
1092 1557 1224 1612 perfici
1258 1568 1380 1612 queat.

795 1661 850 1705 ΙΙ.

188 1753 283 1812 De
345 1753 616 1834 aptiffima
667 1753 846 1836 figura
907 1768 1154 1814 rotarum
1202 1755 1461 1816 dentibus

398 1838 706 1896 tribuenda.
749 1839 921 1899 Auel.
972 1842 1037 1900 L.
1066 1840 1251 1902 Euler.

672 1943 797 2003 Pag-
841 1945 975 2006 299·

187 2010 336 2147 D:
364 2049 508 2104 figura,
541 2064 651 2104 quam
685 2053 853 2094 dentibus
887 2065 1055 2096 rotarum
1110 2055 1186 2097 dari
1236 2057 1462 2099 conueniat,

347 2116 441 2157 varii
474 2115 662 2158 Austores
679 2147 692 2171 ,
722 2119 829 2159 vario
858 2118 1043 2176 consilio,
1074 2119 1154 2162 sunt
1183 2119 1461 2170 commentati,

857 2179 902 2221 D
1372 2193 1467 2239 qu0:
