2062 2664
676 180 765 219 324
846 161 1175 211 ALKEKENGI
1214 159 1443 208 CALTCE
1475 161 1787 208 PROFVNDE

670 277 767 319 culas
799 277 980 332 profunde
1011 278 1195 321 caeruleas
1223 286 1262 318 et
1293 277 1517 318 acuminatas
1545 276 1703 331 effingit
1785 275 1945 319 Limbus

674 342 843 383 corollae
879 342 1124 383 caerulescens
1171 341 1222 382 est
1269 341 1479 393 expansus,
1531 338 1662 380 leniter
1710 340 1748 379 in
1798 341 1943 382 ambitu

674 403 952 458 quinquifidus.
1001 404 1143 445 laciniis
1189 405 1439 457 emarginatis.
1534 404 1745 444 Filumenta
1783 405 1944 456 quinque

674 466 881 508 staminum
915 468 1065 508 inferius
1095 465 1208 508 craffa
1238 467 1436 506 introrsum
1469 467 1564 508 flexa
1603 476 1641 507 et
1691 465 1807 519 pilofix
1855 478 1948 506 con-

675 538 804 583 tegunt
855 530 1025 570 ouarium
1048 560 1060 581 ‚
1111 531 1281 569 tenuiora
1321 530 1544 570 adscendunt
1585 528 1820 583 longitudine
1853 528 1952 582 styli,

676 593 850 634 breuiora
882 592 1040 632 corolla.
1120 591 1315 632 Antherae
1346 591 1424 632 sunt
1456 591 1600 633 ereftae
1635 601 1672 633 et
1703 592 1950 643 acuminatam,

677 666 763 696 ante
794 653 1063 696 florescentiam
1096 653 1282 695 caeruleae
1301 680 1312 702 ‚
1363 652 1446 708 post
1491 657 1606 697 fluuae
1626 686 1638 708 ,
1690 654 1950 697 bilarnellatae.

677 717 807 769 stylus
839 717 1074 770 longitudine
1108 717 1314 758 staminum
1354 716 1524 771 stigmate
1574 717 1723 767 crasso,
1770 720 1954 771 capitato.

679 780 834 822 fruetus
865 779 912 819 ab
945 781 1053 819 initio
1086 780 1517 834 purpureo—violaceus,
1549 780 1612 835 qui
1643 781 1749 822 color
1782 794 1870 821 cum
1897 781 1955 820 in-

680 852 879 883 cremento
912 841 1049 884 fruc'tus
1083 844 1285 893 minuitur,
1317 852 1354 882 et
1384 843 1422 883 in
1455 844 1634 898 prouecta
1666 842 1785 885 aetate
1817 842 1955 884 fruetus

679 906 791 961 plane
839 905 951 946 abest.
1050 905 1259 948 Maturatur
1309 907 1350 946 1'n
1402 905 1533 959 calyce
1564 905 1756 948 straminei
1788 905 1956 958 coloris,

679 968 803 1010 clauso
835 977 875 1008 et
906 967 1173 1022 dependente,
1205 969 1343 1009 fruetus
1372 970 1541 1023 globosus
1569 980 1605 1011 et
1636 972 1777 1022 ficcus,
1832 968 1958 1020 tribus,

681 1042 843 1085 quatuor
892 1039 931 1070 et
981 1032 1145 1085 quinque
1178 1031 1338 1075 loculis,
1386 1043 1430 1072 vt
1461 1034 1669 1086 plurimum
1706 1043 1835 1072 tamen
1867 1041 1959 1084 qua-

682 1104 772 1135 tuor
805 1093 992 1133 diffinitus
1015 1124 1026 1144 ,
1070 1094 1170 1134 tenui
1204 1094 1342 1134 cortice
1375 1095 1523 1146 teitus,
1557 1095 1703 1148 fragili,
1753 1107 1822 1134 nec
1853 1095 1960 1147 regu-‘-

683 1158 806 1198 latitet
857 1155 1065 1196 dehiscente
1112 1157 1157 1198 ad
1207 1155 1358 1197 loculos.
1431 1155 1585 1198 Semina
1632 1156 1925 1197 numerofiffima
1946 1185 1959 1207 ,

682 1222 797 1274 plana
829 1227 866 1257 et
901 1219 1132 1271 compressa,
1165 1218 1370 1259 adhaerent
1404 1219 1574 1260 thalamo
1605 1219 1761 1267 scabre,
1795 1227 1871 1270 pro
1899 1216 1961 1275 1⁰⁴,

682 1283 987 1323 culamentorum
1026 1293 1188 1321 numero
1220 1280 1340 1320 vario.

835 1343 943 1397 Quae
991 1342 1171 1382 haetenus
1203 1341 1394 1393 expolitae
1430 1340 1508 1381 sunt
1537 1339 1832 1381 fructificationis
1872 1351 1960 1394 par·

683 1414 772 1458 tes,
821 1417 908 1444 cum
958 1405 1005 1443 ab
1037 1403 1250 1456 Alkekeng1
1303 1404 1446 1455 generis
1478 1403 1770 1456 proprietatibus
1801 1412 1838 1442 et
1868 1414 1962 1455 pro-

686 1468 924 1524 portionibus
973 1466 1205 1518 aliquantum
1235 1466 1467 1518 deflectant3
1502 1467 1630 1506 dubios
1661 1478 1728 1505 nos
1760 1464 1961 1518 relinqunt,

687 1542 817 1571 vtrum
848 1529 945 1568 hanc
980 1528 1147 1578 plantam
1179 1527 1224 1566 ad
1259 1526 1335 1566 hoc
1367 1528 1469 1567 idem
1503 1541 1645 1581 genus,
1693 1540 1742 1568 an
1782 1528 1827 1567 ad
1861 1526 1962 1568 aliud

648 1581 655 1589 Χ
687 1588 926 1634 referamus?
986 1586 1264 1630 celeberrimus
1313 1589 1388 1643 ipse
1438 1589 1649 1642 Linnaeus,
1684 1591 1723 1630 in
1757 1584 1963 1643 Speciebus

689 1653 759 1694 sais
791 1655 894 1707 supra
928 1651 1105 1705 adlegatis
1133 1665 1172 1704 p.
1213 1656 1295 1690 132
1320 1685 1330 1702 ,
1379 1653 1555 1706 equidem
1594 1653 1756 1694 nostram
1789 1652 1960 1706 plantam

689 1718 867 1759 adiunxit
913 1715 1087 1768 Atropae
1119 1716 1177 1754 seu
1208 1713 1465 1756 Belladonnae
1503 1717 1693 1757 aliorum:
1743 1715 1875 1756 fatetur
1906 1725 1964 1756 ta·

692 1792 816 1830 men,
868 1779 1036 1819 mediam
1086 1779 1158 1818 effe
1189 1779 1283 1818 inter
1317 1781 1510 1832 Atropam
1543 1788 1582 1819 et
1615 1778 1862 1830 Physalidem,
1923 1785 1964 1818 et

689 1843 950 1893 differentias,
999 1842 1134 1893 quibus
1179 1841 1228 1881 ab
1259 1842 1470 1895 Alkekengi
1502 1842 1698 1897 separanda
1729 1843 1786 1891 fit,
1819 1839 1961 1882 ibidem

691 1906 872 1957 exponit.
936 1905 1046 1961 Quae
1093 1905 1204 1945 tertia
1250 1905 1304 1945 est
1335 1908 1510 1958 Atropae
1561 1906 1700 1958 species
1741 1904 1838 1957 apud
1870 1903 1965 1942 Lin-

693 1979 835 2010 uacum
856 1999 868 2018 ‚
909 1969 955 2008 ab
989 1969 1166 2009 omnibus
1197 1966 1389 2008 Botanicis
1419 1968 1602 2020 hucusque
1630 1968 1877 2008 adnumerata
1907 1963 1962 2005 est

692 2029 914 2087 Alkckengi
960 2033 1119 2087 generi,
1168 2043 1262 2075 cum
1292 2030 1439 2076 habitus
1469 2030 1581 2075 totius
1610 2029 1784 2088 plantae,
1820 2029 1922 2132 *flosa
1920 2033 1965 2066 et

1821 2089 1884 2134 stu
1924 2099 1967 2131 us
