2062 2664
643 236 732 277 320
826 219 1157 270 ALKEKENGI
1187 221 1407 272 CALYCE
1445 221 1753 269 PROFVNDE

642 353 687 379 re
737 342 800 382 des
848 339 996 393 plantes
1045 338 1276 379 medicirmles
1294 370 1304 389 ‚
1355 341 1416 393 qm'
1442 335 1523 389 sont
1557 337 1589 378 le
1614 336 1699 393 plus
1733 350 1778 377 en
1812 334 1921 391 esqge

652 417 736 443 aux
792 404 989 446 Horazmses
1024 404 1068 441 de
1119 396 1145 441 l'
1164 403 1365 455 Amelffque
1414 402 1650 442 meridionale
1701 401 1749 440 du
1802 401 1922 442 Perou

642 474 676 507 et
708 467 754 506 dit
785 464 925 516 Chily,
978 476 1069 516 quae
1101 464 1240 503 Parisiis
1273 463 1558 506 MDCCXW.
1595 478 1636 513 4.
1681 464 1915 516 prodierunt,

648 530 769 569 Tom.
806 529 860 568 ΙΙ.
898 542 935 580 p.
972 537 1074 576 724.
1109 528 1182 567 tab.
1225 529 1294 565 16.
1327 527 1548 567 delineatam
1593 527 1709 576 sistit⁷
1760 526 1920 576 additis,

648 593 832 632 fruetuum
870 590 1029 640 viribus,
1063 590 1191 641 quibus
1224 589 1366 642 pollent
1399 592 1437 630 in
1488 591 1675 631 mouenda
1724 590 1831 629 Vrina
1882 598 1920 628 et

649 656 870 706 reliquarum
932 654 1008 692 eius
1065 653 1230 704 partium
1288 652 1552 709 descriptione.
1649 652 1774 691 Vocat
1835 663 1921 692 eam

654 717 847 768 Askeksngl
881 715 998 769 amplo
1029 715 1131 768 flore
1177 714 1349 758 violaceo.
1445 714 1614 756 Cuilibet
1659 727 1756 755 vero
1806 714 1927 754 obiter

651 791 794 819 tantum
830 779 1040 830 inspicienti
1075 778 1181 817 istam
1217 778 1374 830 figuram
1395 809 1406 828 ‚
1441 791 1554 832 quam
1585 780 1780 819 citauimus
1801 810 1811 828 ,
1866 776 1929 818 of·

647 843 762 883 fertur
794 841 840 881 ab
876 841 1028 881 auctore
1060 840 1187 879 nostro
1220 842 1347 894 planta
1388 843 1523 896 exigua
1568 851 1605 881 et
1654 841 1755 881 cuius
1804 849 1929 893 partes

651 917 805 955 omnes,
840 916 882 943 ea
912 903 1171 956 magnitudine
1193 934 1204 954 ‚
1239 917 1353 958 quam
1389 917 1504 958 penes
1538 916 1604 944 nos
1632 904 1705 945 sata
1739 903 1766 944 sl
1802 903 1928 952 fuerit,

652 967 918 1021 consequitur,
969 966 1093 1008 multo
1142 967 1308 1009 minores
1357 967 1468 1022 sunt,
1527 980 1649 1021 neque
1699 967 1823 1007 natiua
1872 965 1931 1005 sua

650 1031 774 1071 forma
795 1063 805 1083 ‚
856 1042 970 1082 quam
1017 1029 1160 1078 habet,
1219 1043 1309 1071 cum
1358 1030 1417 1074 his
1463 1032 1705 1072 conueniunt.
1799 1025 1932 1085 Quid?

652 1095 750 1148 qnod
772 1120 783 1142 ,
828 1092 972 1132 etiamsi
1004 1091 1101 1134 hanc
1130 1092 1383 1134 differentiam
1434 1094 1507 1134 loci
1556 1093 1688 1133 natalis
1707 1123 1718 1143 ,
1767 1091 1806 1132 in
1856 1102 1934 1145 quo

654 1158 783 1211 planta
816 1156 965 1195 inuenta
997 1165 1033 1195 et
1064 1154 1244 1209 descripta
1279 1155 1361 1209 est,
1412 1156 1614 1197 diuerfitati
1648 1155 1742 1196 forte
1791 1154 1934 1194 adiudi-

653 1232 735 1261 care
768 1219 846 1274 quis
878 1217 971 1257 velit
989 1249 1000 1269 ‚
1057 1230 1176 1269 neque
1209 1219 1279 1257 flos
1297 1249 1308 1268 ‚
1359 1230 1482 1271 neque
1514 1219 1651 1257 fruetus
1671 1248 1682 1266 ,
1733 1214 1932 1255 secundum

654 1294 790 1324 omnes
823 1289 944 1334 partes
977 1280 1052 1320 suas
1082 1280 1153 1321 rite
1185 1279 1423 1329 adumbrati,
1476 1279 1530 1319 ibi
1566 1279 1749 1318 sistuntur.
1846 1274 1933 1317 Ne·

655 1346 821 1398 gaudum
856 1341 1029 1394 equidem
1061 1353 1140 1383 non
1170 1341 1223 1380 est
1241 1373 1252 1393 ‚
1287 1338 1348 1382 Cl.
1382 1340 1578 1383 aue'torem
1613 1339 1804 1391 nostrum,
1837 1350 1933 1392 pro-

657 1408 737 1447 lixa
769 1404 1018 1458 descriptione
1048 1412 1088 1443 et
1118 1402 1270 1457 copiosa
1320 1404 1484 1457 partium
1531 1402 1768 1442 dimensione
1790 1432 1802 1452 ,
1847 1399 1936 1452 sup-

657 1469 787 1524 plendi
822 1480 864 1507 ea
882 1497 893 1516 ‚
945 1478 1039 1519 quae
1072 1466 1172 1505 iconi
1204 1466 1361 1513 desunt,
1407 1476 1565 1504 omnem
1617 1475 1778 1516 operam
1829 1461 1937 1503 adhi-

658 1532 796 1573 buiffe:
829 1529 888 1568 sed
923 1527 1157 1581 superfluum
1179 1523 1253 1565 effe
1282 1526 1467 1566 eiusmodi
1499 1526 1656 1567 studium
1676 1558 1687 1577 ,
1739 1538 1815 1580 quo
1847 1537 1939 1579 par-

658 1604 712 1634 tes
745 1591 956 1645 plantarum
978 1621 989 1640 ,
1025 1601 1119 1642 quae
1155 1598 1214 1628 tot
1243 1588 1369 1628 modis
1401 1589 1537 1643 vbique
1567 1591 1713 1630 variant
1732 1621 1742 1641 ,
1775 1587 1938 1642 operoso

660 1656 790 1697 labore
822 1655 861 1694 in
894 1653 994 1694 mala
1029 1654 1140 1693 icone
1187 1651 1438 1693 describuntur
1458 1683 1469 1703 ‚
1520 1652 1673 1707 quilibet
1722 1651 1943 1705 cognoscit,

660 1718 875 1773 praesertim
899 1747 911 1768 ,
962 1729 1050 1757 cnm
1090 1715 1304 1768 quotidiana
1337 1716 1571 1770 experientia
1601 1715 1747 1756 constet
1765 1746 1777 1767 ‚
1798 1708 1800 1710 ’
1823 1714 1942 1755 cultu-

665 1795 748 1823 ram
802 1790 840 1820 et
892 1779 962 1819 alia
1011 1779 1245 1828 accidentia,
1295 1780 1472 1820 minutias
1523 1780 1705 1820 linearum
1737 1778 1943 1832 saepiffime

666 1853 879 1898 permutare
911 1842 1101 1894 insigniter
1121 1871 1131 1891 ,
1181 1854 1268 1882 cum
1302 1842 1339 1881 in
1371 1843 1430 1883 his
1461 1842 1560 1884 nihil
1608 1851 1837 1896 perpetuum
1886 1840 1946 1882 fit.

673 1907 885 1947 Audiamus
917 1916 1013 1944 nunc
1039 1905 1240 1944 inuentoris
1273 1904 1380 1946 huius
1412 1906 1563 1959 plantae
1601 1905 1716 1945 verba
1749 1903 1855 1958 ipsa,
1906 1911 1946 1943 et

672 1970 893 2010 relationem
915 2000 925 2019 ‚
976 1978 1085 2019 quam
1135 1968 1182 2007 de
1232 1979 1292 2006 ea,
1327 1966 1530 2008 litterarum
1564 1968 1823 2007 monumentis
1853 1977 1949 2006 con-

675 2032 830 2085 fignauit
864 2031 1043 2082 nobisque
1077 2030 1220 2082 reliquit
1239 2060 1250 2081 ,
1301 2038 1341 2068 et
1371 2042 1483 2083 quam
1514 2031 1553 2069 in
1587 2029 1744 2070 latinum
1775 2028 1950 2070 conuersst

673 2097 891 2136 sermonem
910 2124 922 2146 ‚
970 2092 1033 2133 hic
1084 2093 1263 2135 adducere
1314 2104 1395 2134 non
1426 2091 1650 2148 superfluum
1683 2091 1762 2135 fore
1794 2091 1951 2134 credidi.

1807 2154 1942 2209 „Piam-
1976 2171 1983 2177 ’
