2062 2664
634 189 666 230 4
945 168 1595 217 DEMONSTRATIO

632 295 712 327 tam
754 284 908 325 feliciter
949 285 987 324 in
1026 297 1158 326 arcana
1191 297 1433 327 numerorum
1468 282 1744 339 penmanent,
1778 278 1893 340 quani

632 349 864 398 Fermatius,
906 347 1033 387 omnis
1082 359 1195 401 opera
1238 350 1276 388 in
1312 348 1379 389 hac
1409 349 1554 389 scientia
1589 348 1740 389 vlterius
1771 361 1896 389 exco-

632 410 740 450 lenda
784 410 906 449 frustra
938 410 1110 461 impendi
1156 410 1318 460 videtur,
1359 411 1427 451 nisi
1470 422 1575 453 ante,
1616 423 1707 463 quae
1740 412 1786 450 ab
1819 411 1893 451 hoc

632 468 830 512 excellenti
858 471 955 513 Viro
998 473 1073 511 iam
1107 472 1251 511 fuerunt
1293 474 1526 525 inuestigata,
1568 473 1665 525 quasi
1705 473 1750 512 de
1794 485 1898 512 nouo

631 536 671 574 in·
708 535 829 574 lucem
876 534 1150 586 protrahantur.
1188 585 1190 588 .
1249 534 1328 574 Etsi
1369 537 1470 577 enim
1513 535 1597 587 post
1646 548 1731 575 eum
1777 535 1898 587 plures

633 596 712 635 Viri
747 596 850 636 docti
893 598 930 635 in
974 596 1048 636 hoc
1081 596 1284 636 studiorum
1326 608 1461 648 genere
1493 598 1590 636 vires
1620 597 1696 637 suas
1736 609 1896 638 exercu-

633 669 739 698 erunt
758 691 768 708 ‚
802 657 894 697 nihil
925 668 1050 698 tamen
1086 658 1306 711 plerumque
1339 658 1417 698 sunt
1449 658 1642 711 consecuti,
1673 661 1773 714 quod
1806 671 1895 699 cum

632 721 786 773 ingenio
821 720 925 759 huius
968 721 1048 759 Viri
1082 722 1291 773 comparari
1323 721 1455 773 poffet.

778 785 810 831 ς.
858 794 894 819 2.
973 782 1026 820 Vt
1067 793 1193 822 autem
1243 784 1598 823 demonstrationem
1641 781 1900 836 theorematis,

631 844 735 897 quod
754 844 816 883 hic
849 843 1058 895 confidem,
1093 846 1293 895 instituam,
1313 846 1397 885 duas
1429 846 1705 898 propositiones
1732 845 1769 884 in
1793 837 1903 885 subfi'-

633 907 739 947 dium
777 908 900 946 vocari
936 916 1109 958 oportet,
1143 920 1299 960 quarum
1334 908 1689 947 demonstrationem
1724 909 1800 947 iam
1832 903 1902 946 aii-

632 967 673 1008 bi
715 968 813 1008 dedi.
912 967 1040 1008 Altera
1080 969 1162 1019 est,
1202 970 1302 1022 quod
1342 982 1477 1010 omnes
1519 972 1682 1021 numeri,
1732 970 1794 1022 qui
1826 970 1905 1008 sunt

632 1030 808 1070 diuisores
847 1029 1015 1070 summae
1056 1031 1216 1070 duorum
1259 1033 1517 1084 quadratorum
1559 1033 1654 1071 inter
1686 1031 1721 1070 se
1756 1033 1904 1084 primo-

631 1104 719 1132 rum
740 1124 751 1142 ‚
784 1092 854 1143 ipsi
902 1092 972 1132 sint
1020 1091 1186 1131 summae
1236 1094 1394 1131 duorum
1445 1094 1739 1145 quadratorum3
1789 1093 1838 1132 fic
1876 1092 1905 1131 si

634 1167 661 1194 a
701 1164 743 1193 et
773 1153 797 1193 b
834 1153 902 1192 fint
942 1154 1090 1191 numeri
1132 1154 1229 1192 inter
1268 1154 1301 1192 se
1332 1154 1473 1205 primi,
1524 1166 1630 1206 atque
1665 1155 1809 1193 numeri
1852 1165 1905 1193 ex

633 1217 678 1257 iis
718 1215 874 1255 formati
923 1227 983 1255 aa
1023 1220 1090 1259 -ῑ-
1129 1215 1184 1254 bb
1233 1214 1369 1254 diuisor
1411 1215 1452 1254 sit
1507 1215 1546 1266 d,
1584 1216 1655 1254 erit
1694 1227 1840 1268 quoque
1879 1214 1911 1255 d

633 1278 781 1318 summa
814 1278 975 1318 duorum
1007 1277 1296 1329 quadratorum:
1328 1276 1434 1315 huius
1466 1276 1712 1316 theorematis
1744 1277 1902 1316 demon-

633 1340 852 1381 strationem
885 1340 971 1380 dedi
1013 1340 1051 1378 in
1087 1339 1225 1391 scripto
1265 1348 1352 1378 ante
1392 1350 1628 1389 memorato,
1660 1350 1737 1390 quo
1771 1350 1906 1387 nume-

633 1414 718 1452 ros,
768 1403 831 1454 qui
870 1402 949 1442 sun-t
982 1401 1145 1441 duorum
1180 1401 1443 1454 quadratorum
1476 1401 1662 1447 summae,
1699 1399 1776 1440 sum
1809 1413 1905 1440 con-

634 1463 850 1516 templatus.
914 1463 1046 1503 Altera
1081 1463 1310 1516 propositio,
1343 1475 1413 1516 qua
1447 1462 1718 1502 demonstratio
1754 1462 1906 1515 sequens

633 1525 804 1578 indiget,
836 1527 888 1566 ita
920 1525 954 1565 st:
993 1526 1134 1566 habet:
1176 1525 1202 1565 si
1236 1533 1265 1579 p
1296 1525 1339 1565 fit
1379 1537 1556 1565 numerus
1594 1525 1758 1577 primus,
1797 1534 1905 1577 atque

633 1601 663 1630 a
695 1598 734 1628 et
773 1588 799 1628 b
837 1589 988 1627 numeri
1028 1589 1233 1641 quicunque
1272 1600 1338 1639 per
1371 1595 1401 1641 p
1449 1600 1525 1626 non
1548 1585 1780 1636 'diiiisibiles,
1831 1587 1906 1625 erit

634 1650 786 1703 semper
815 1649 1063 1690 aP‘¹-—bP·-¹
1102 1663 1168 1702 per
1199 1662 1399 1689 numerum
1434 1650 1599 1702 primum
1628 1656 1658 1703 p
1692 1648 1906 1687 diuisibilis:

635 1712 999 1755 demonstrationem
1042 1712 1147 1751 huius
1188 1712 1240 1751 rei
1279 1713 1355 1751 iam
1403 1712 1545 1751 dudum
1588 1711 1625 1750 in
1678 1708 1907 1750 Commeat.

635 1775 758 1815 Acad„
801 1774 954 1828 Petrop.
987 1774 1105 1813 Tom.
1140 1772 1239 1813 VllI
1272 1773 1372 1813 dedi.

776 1836 811 1882 §.
851 1846 894 1882 3.
973 1835 1116 1890 Quodsi
1165 1835 1241 1875 iam
1301 1842 1452 1883 4n-z-
1476 1847 1495 1873 1
1540 1836 1583 1876 fit
1616 1844 1791 1874 numerus
1822 1833 1905 1884 pri-

634 1908 732 1946 mus,
766 1910 832 1951 per
849 1910 937 1938 eum
958 1910 1095 1938 omnes
1112 1898 1257 1937 numeri
1289 1897 1327 1936 in
1361 1897 1431 1938 hac
1463 1895 1584 1937 forma
1616 1895 1795 1935 a⁴¹²-—b⁴'¹
1812 1907 1903 1934 con-

636 1960 731 1998 tenti
793 1970 901 1999 erunt
946 1960 1141 2001 diiiisibiles
1165 1993 1175 2012 ,
1218 1960 1417 2011 -siquidem
1474 1968 1601 1996 neuter
1660 1968 1904 1997 numerorum

635 2033 664 2061 a
694 2031 734 2059 et
761 2021 786 2060 b
825 2020 974 2063 seorsim
1009 2035 1075 2075 per
1107 2034 1176 2071 472
1196 2028 1259 2065 -4-
1295 2033 1313 2057 1
1359 2019 1468 2058 fuerit
1509 2018 1702 2059 diuisibilis.
1782 2020 1908 2073 Quare

632 2082 709 2125 fia
736 2091 776 2124 et
805 2083 828 2125 b
861 2083 930 2126 fint
960 2085 1106 2124 numeri
1138 2083 1323 2135 minoreS,
1352 2093 1467 2136 quam
1496 2095 1528 2133 4
1545 2093 1567 2122 n
1587 2088 1651 2129 -ξ-
1675 2094 1718 2135 1,
1750 2079 1909 2136 (cyphra

1779 2152 1918 2183 tamen
