2062 2664
520 195 658 256 ›agia‹
690 194 723 253 )(
758 210 783 238 0
818 195 850 254 )(
882 193 1017 254 ›ii-233&
1322 205 1410 245 319

144 306 464 358 ALKEKENGI
522 309 748 351 CALYCE
815 308 1117 350 PROFVNDE
1187 304 1415 359 DIVISO,

551 380 774 424 FRVCTV
828 379 999 422 SICCO.

670 502 890 543 Auctore

307 597 375 640 IO.
423 594 779 640 CHRISTIANO
828 593 1242 638 HEBENSTREIT.

309 751 393 777 uam
426 739 477 778 rei
510 737 701 778 herbariae
733 738 938 778 cultoribus
968 735 1136 776 exhibeo
1173 735 1320 788 plantae
1349 747 1411 775 ra-

337 802 441 840 rioris
473 801 791 850 delineationem,
822 802 1070 853 omniumque
1101 799 1288 852 partium,
1328 799 1411 851 qui-

339 867 402 904 bus
435 874 659 916 exornatur,
689 865 978 916 descriptionem
1000 893 1010 912 ,
1063 863 1157 900 inter
1206 863 1412 913 incognitas

138 926 246 981 plane
276 927 506 968 referendam
542 940 617 966 non
651 923 751 975 effe,
790 927 853 966 sub
902 926 1054 964 initium
1104 923 1213 962 huius
1261 921 1410 976 exposi-

137 991 248 1030 tionis
282 1002 441 1031 moneo.
508 991 693 1031 Attamen
729 1002 816 1030 cum
850 1003 870 1030 a
904 989 1075 1037 nemine,
1110 996 1290 1039 quantum
1326 987 1413 1038 qui-

138 1053 227 1092 dem
263 1053 358 1092 mihi
392 1054 552 1104 constat,
587 1052 747 1106 perfee‘ta
779 1063 816 1092 et
863 1051 1041 1092 omnibus
1091 1051 1258 1088 numeris
1307 1049 1408 1088 abso·

138 1115 212 1155 luta
232 1148 242 1166 ,
295 1116 467 1167 prostet‚
520 1115 584 1154 vel
617 1117 702 1155 data
737 1116 777 1155 fit
809 1115 916 1154 huius
949 1116 1062 1153 icon:
1115 1123 1193 1150 non
1243 1113 1410 1152 dubitaui

135 1188 263 1215 curare
297 1177 422 1217 sedulo
443 1210 454 1228 ,
505 1190 581 1230 quo
614 1180 748 1230 vigens
783 1188 820 1218 et
854 1178 990 1217 florens
1022 1176 1141 1228 planta
1162 1206 1172 1224 ,
1210 1174 1408 1215 secundum

136 1247 269 1276 omnes
302 1239 377 1276 suas
420 1249 571 1289 partes,
622 1240 778 1278 naturali
844 1241 887 1278 in·
929 1237 1188 1290 magnitudine
1241 1238 1408 1290 iustoque

134 1309 294 1337 numero
350 1299 640 1350 depingeretur,
708 1312 799 1352 quas
855 1313 955 1340 nunc
1017 1300 1119 1338 breui
1168 1309 1409 1340 commenta-

134 1361 296 1402 tiuncula
329 1373 522 1416 exponere
555 1371 592 1401 et
641 1361 818 1402 illustrate
870 1362 1064 1403 constitui..

281 1483 346 1525 De
372 1484 525 1526 historia
560 1484 663 1532 eius,
700 1497 815 1536 pauca
852 1483 945 1524 haec
981 1484 1133 1536 addere,
1166 1484 1412 1525 necessarium

136 1545 232 1587 mihi
252 1547 412 1588 videtur.
475 1548 684 1588 Ludouicus
703 1547 732 1585 F
734 1547 865 1585 euillee
878 1577 888 1595 ,
907 1545 1095 1598 Sacerdos,
1115 1547 1407 1587 Mathematicus

135 1619 173 1648 et
205 1608 405 1650 Botanicus
435 1612 552 1661 Regis
584 1605 818 1659 Galliarum,
852 1608 971 1648 Acad.
1006 1610 1102 1661 Reg.
1123 1607 1263 1649 Scient.
1287 1610 1402 1648 Paris.

137 1670 469 1724 correspondens,
505 1673 542 1711 in
574 1671 707 1710 itinere
747 1671 839 1722 suo,
891 1672 937 1711 ab
988 1684 1089 1711 anno
1135 1672 1243 1712 huius
1276 1670 1404 1711 saeculi

135 1735 300 1785 septimo
334 1736 378 1774 ad
412 1734 678 1774 duodecimum
713 1744 767 1773 ex‘
795 1735 974 1774 mandato
1006 1735 1123 1787 Regis
1160 1736 1198 1774 in
1247 1733 1406 1774 Ameri-

137 1809 221 1836 cam
258 1798 563 1847 meridionalem,
598 1807 636 1837 et
686 1798 885 1850 praecipue
935 1799 1143 1851 prouincias
1193 1795 1314 1847 Chily
1365 1806 1404 1836 et

139 1858 231 1898 Peru
265 1858 445 1911 suscepto,
479 1861 622 1913 primus
655 1872 740 1900 eam
774 1861 927 1910 inuenit,
960 1871 996 1901 et
1029 1862 1065 1900 in
1086 1859 1402 1914 Ephemeridibus

135 1921 430 1962 obseruationum
467 1923 728 1975 physicarum,
767 1922 1117 1964 mathematicarum
1169 1934 1207 1963 et
1257 1923 1407 1963 botani‘

133 1996 284 2026 carum,
319 1985 475 2026 Journal
505 1986 566 2027 des
597 1982 838 2037 obseruations
862 1984 1067 2043 ph'yfiques,
1093 1986 1399 2039 mathematjques

132 2053 172 2088 at
199 2048 438 2102 botaniques,
471 2049 510 2089 in
540 2049 702 2090 tectione
739 2051 841 2103 iibri,
873 2064 967 2105 quae
1001 2051 1225 2091 inscribitura
1257 2050 1404 2104 Hssoz‘-

570 2128 575 2129 ⁷
1354 2120 1413 2154 ἴθ’
