2062 2664
371 190 877 236 DEFINIENDORVM
911 190 1271 255 DISQVISITIO.
1365 204 1467 257 ‘445

203 304 341 344 circulis
374 303 626 344 Latitudinum
660 305 746 345 NE
776 315 814 345 et
848 305 925 345 CL
956 305 1227 358 comprehensa
1247 307 1368 348 motui
1398 306 1455 349 Lu

204 380 272 408 nae
307 368 496 421 apparenti
539 368 577 405 in
611 367 908 419 Longitudinem
972 369 1167 407 interuallo
1218 371 1399 423 temporis
1449 382 1472 410 a

202 432 331 483 primo
364 430 552 483 Eclipfeos
585 429 698 469 initio
732 431 776 470 ad
813 431 958 470 initium
993 443 1106 484 usque
1147 429 1309 483 Eclipsis
1359 445 1474 472 annu-

202 493 285 532 laris
317 493 550 546 praeterlapsi
582 495 817 545 respondenti
855 504 1041 546 aequetur.
1140 491 1269 533 Due'ta
1311 494 1470 547 Eclipti-

201 569 262 595 cae
293 557 463 608 parallela
498 555 588 595 ML
622 570 641 596 ti
674 557 813 608 punito
844 555 873 595 L
911 558 954 596 ad
993 556 1174 609 pumstum
1209 556 1253 597 M
1288 557 1470 597 circulum

200 618 423 659 Latitudinis
459 619 542 660 NE
578 620 615 658 in
651 620 696 660 M
750 621 923 670 tec-ante,
969 620 1066 659 linea
1120 619 1220 661 NM
1272 620 1470 660 exhibebit

201 692 350 721 motum
385 680 508 721 Lunae
543 692 786 735 apparentem
822 684 859 721 in
895 682 1146 722 Latitudinem
1183 696 1204 722 a
1238 684 1367 734 primo
1397 683 1473 722 ini-

197 745 251 783 tio
301 743 488 797 Eclipieos
541 746 585 785 ad
617 747 764 785 initium
798 758 911 797 vsque
944 745 1100 798 Eclipsis
1147 744 1346 786 annularis.
1426 744 1471 786 Si

195 807 389 858 iungantur
432 821 547 861 porro
579 820 703 848 centra
735 809 831 848 Solis
862 819 902 848 et
920 807 1047 848 Lunae
1077 809 1185 848 lineis
1221 806 1300 849 NS
1338 818 1377 848 et
1402 807 1466 849 sL

194 869 430 911 minifestum
465 873 527 923 est,
564 872 698 912 lincam
736 871 813 912 NS
848 873 994 924 aequari
1020 871 1189 911 summae
1214 870 1469 911 Semidiame-

194 941 337 973 trorum
390 946 657 987 apparentium
714 933 841 974 Lunae
895 942 934 973 et
984 932 1080 974 Solis
1112 934 1150 973 in
1186 934 1321 986 primo
1357 934 1465 974 initio

192 994 386 1049 Eclipt'etos
406 1029 417 1048 ,
461 1011 587 1038 earum
621 1009 745 1037 autem
790 996 1038 1037 differentiam
1072 996 1182 1035 initio
1211 995 1371 1048 Eclipsis
1401 1009 1463 1036 an-

191 1059 321 1100 nularis
353 1061 528 1101 exhiberi
562 1074 630 1114 pet
662 1062 804 1100 lineam
838 1059 914 1101 sL.
977 1060 1060 1100 Fiat
1092 1058 1254 1111 denique
1288 1058 1461 1099 interual-

189 1120 268 1161 lum
303 1121 373 1162 LP
404 1124 551 1176 aequale
586 1123 785 1163 interuallo
826 1122 894 1174 Ss,
930 1132 968 1162 et
1003 1123 1071 1161 erit
1108 1120 1320 1172 SP:sL‚
1357 1132 1464 1175 atque

187 1181 277 1222 hinc
315 1184 471 1225 MP:
509 1186 633 1227 motui
667 1186 861 1239 apparenti
912 1185 1040 1225 Lunae
1071 1196 1091 1223 a
1123 1183 1210 1224 Sole
1251 1184 1291 1224 in
1324 1183 1465 1237 Longi-

185 1243 359 1282 tudinem
395 1258 468 1296 pro
515 1259 690 1300 tempore
730 1251 829 1289 inter
861 1250 1032 1301 primum
1072 1247 1221 1288 initium
1272 1247 1463 1300 Eclipseos
1498 1270 1506 1279 ·

183 1313 222 1345 et
252 1306 399 1346 initium
434 1306 593 1359 Eclipfis
632 1311 819 1349 annularis
860 1310 1092 1362 interceptO,
1134 1310 1182 1349 ita
1224 1318 1294 1360 vt,
1331 1310 1358 1350 fi
1392 1309 1464 1350 Sol

180 1380 252 1420 per
283 1369 376 1409 istud
411 1371 595 1422 temporis
622 1371 857 1411 interuallum
895 1372 1058 1423 fingatur
1093 1373 1130 1410 in
1165 1370 1209 1411 S„
1228 1371 1456 1422 immobilis,

182 1429 310 1471 Locus
349 1431 478 1472 Lunae
532 1445 716 1487 apparens
748 1433 917 1474 relatiuus
955 1444 1133 1488 tempore
1172 1433 1272 1474 initii
1305 1433 1463 1488 Eclipsis

180 1494 368 1535 annularis
398 1496 439 1536 fit
473 1498 508 1536 in
545 1496 587 1538 P.

293 1556 422 1600 Cardo
453 1560 565 1611 igitur
597 1557 741 1597 nostrae
771 1555 1027 1609 ditiquifitionis
1055 1555 1095 1595 in
1136 1566 1188 1595 eo
1227 1567 1333 1596 nunc
1367 1567 1460 1597 vet-

179 1620 269 1661 titur
288 1653 299 1674 ‚
331 1632 376 1661 vt
407 1620 555 1660 calculo
588 1619 776 1671 subducto,
809 1619 1063 1660 differentiam
1095 1618 1197 1659 inter
1230 1618 1457 1671 Longitudi-

179 1695 268 1724 nem
303 1693 551 1735 apparentem
602 1681 728 1723 Lunae
764 1691 804 1723 et
854 1681 1146 1735 Longitudinem
1190 1693 1323 1722 veram
1353 1681 1456 1723 Solis

178 1756 258 1786 tum
310 1747 355 1786 ad
406 1748 577 1799 primum
610 1747 756 1786 initium
789 1745 1011 1799 Eclipseos‚
1059 1757 1150 1785 cum
1200 1746 1247 1785 ad
1298 1745 1452 1786 initium

177 1809 335 1863 Eclipfis
366 1811 559 1861 annularis,
590 1810 631 1849 h.
653 1822 689 1849 e.
721 1811 866 1849 valores
897 1808 1087 1849 testarum
1107 1805 1178 1849 ES
1211 1818 1249 1848 et
1281 1805 1344 1848 sC
1376 1820 1453 1848 vna

178 1884 267 1913 cum
299 1873 573 1914 Latitudinibus
610 1872 751 1914 Lunae
784 1871 872 1913 vifis
919 1871 1009 1913 EN
1045 1881 1082 1911 et
1116 1868 1194 1912 LC
1225 1871 1449 1911 determine-

175 1948 273 1978 mus.
336 1937 399 1978 Ad
450 1937 569 1977 hocce
615 1935 861 1977 efficiendum
901 1935 1131 1976 habebimus‘
1156 1935 1194 1974 in
1240 1933 1449 1986 Triangulo

175 1999 295 2053 piano
327 2000 481 2049 NML,
515 1999 733 2052 teet-angulo
751 2000 795 2039 ad
814 1998 877 2046 Μ,
911 2011 993 2039 crus
1024 1998 1395 2047 ML334'.23“‚
1414 1999 1443 2034 6

173 2072 213 2105 et
258 2063 415 2109 alterum
463 2075 545 2105 crus
595 2059 1009 2117 NM:SJ.11“‚3;
1063 2061 1161 2102 vnde
1211 2060 1444 2101 deducuntur

801 2125 905 2169 Kkk
939 2137 963 2176 3
1309 2122 1445 2178 hypo-
