2062 2664
283 173 382 217 DE
449 159 758 214 sffiMMrs
818 162 1295 216 mvi-SORVM.
1369 177 1430 222 σς

166 289 356 326 terminos
385 283 490 322 huius
525 281 709 321 formulae
755 281 920 332 accipere
967 292 1048 321 non
1100 293 1267 336 oportet,
1315 292 1430 336 quam

166 349 289 401 quoad
340 348 383 383 ad
429 348 591 385 summas
639 342 842 382 diuisorum
893 354 1137 383 numerorum
1172 347 1431 397 negatiuorum

166 409 415 462 peruenizittir·
497 406 641 446 Omnes
682 406 816 445 scssicet
845 404 1023 456 termini,
1072 407 1135 458 qui
1169 407 1252 457 post
1285 408 1431 459 signum

153 469 190 526 s
213 481 386 511 numeros
424 471 618 522 negatiuos
648 469 879 519 continent,
930 467 1012 507 sunt
1061 469 1280 521 reiiciendi·,
1330 471 1434 508 vnde

166 542 271 588 patet
303 534 328 573 fi
362 543 383 570 n
421 531 466 571 fit
506 543 682 571 numerus
729 531 890 584 exiguus
909 563 920 582 ‚
968 530 1205 584 paucissimos
1249 532 1433 572 terminos

163 595 340 644 sufficere,
386 606 462 645 quo
497 599 623 635 maior
656 603 784 634 autem
817 594 925 634 filerit
957 605 1130 635 numerus
1162 606 1198 645 n,
1230 605 1279 634 eo
1310 593 1433 647 plures

163 658 345 699 terminos
395 669 444 696 ex
495 656 654 699 formula
695 657 816 699 nostra
846 656 1012 711 generali
1042 657 1090 699 ad
1124 657 1232 698 vsum
1264 655 1433 698 adhiberi

160 720 308 760 debere.

312 803 349 852 §-
393 818 456 846 12.
491 802 652 847 Summa
684 806 797 859 igitur
827 805 1029 846 diuisor-um
1062 805 1211 846 numeri
1250 803 1436 858 propositi

157 875 187 906 n
219 878 270 907 ex
299 866 454 909 summis
487 870 691 910 diuiiorum
728 869 873 923 aliquot
921 879 1172 909 numerorum
1221 867 1434 916 minorum,

160 941 248 982 quas
301 933 465 986 cognitas
496 932 567 972 effe
598 930 744 973 assumo
762 964 773 985 ,
824 931 1031 984 conflatur3
1080 929 1260 982 quoniam
1301 929 1434 980 quouis

161 993 242 1032 casu
278 992 445 1035 summae
480 1008 728 1036 numerorum
754 996 1011 1047 negatiuorum
1039 993 1265 1033 reiiciuntur.
1329 990 1435 1044 Quae

165 1056 292 1094 ‘cautio
310 1070 397 1096 cum
432 1069 480 1096 eo
511 1057 553 1097 fit
586 1059 743 1106 facilior,
775 1058 876 1110 quod
906 1066 1147 1096 numerorum
1168 1052 1434 1106 negatiuorum

164 1113 308 1157 summi
327 1119 532 1159 diuisorum
552 1130 601 1159 ne
617 1119 768 1172 concipi
786 1119 941 1171 quidem
965 1116 1088 1170 poffit,
1120 1115 1268 1168 insuper
1287 1115 1436 1155 moneri

160 1187 317 1230 oportet
336 1212 346 1230 ,
394 1182 592 1233 quomodo
640 1181 816 1234 operatio
864 1181 909 1220 sit
956 1178 1149 1231 dirigenda
1199 1178 1242 1216 iis
1287 1177 1437 1229 casibus,

158 1242 291 1291 quibus
327 1241 484 1282 formula
528 1241 648 1282 nostra
681 1242 833 1295 praebet
866 1241 1070 1282 terminum
1091 1237 1244 1294 s(n-n)
1275 1239 1335 1280 (eu
1360 1236 1434 1291 s0‚

160 1304 222 1354 qui
257 1314 345 1344 ‘cum
376 1302 519 1357 cyphra
553 1317 623 1359 per
652 1316 786 1345 omnes
814 1314 994 1345 numeros
1027 1302 1068 1344 fit
1105 1302 1292 1344 diuifibilis
1310 1334 1321 1352 ,
1370 1301 1434 1341 vel

159 1365 326 1406 infinitus
356 1367 420 1407 vel
452 1368 760 1409 indeterminatus
794 1366 972 1407 -videtutz
1061 1364 1171 1407 Casus
1213 1365 1275 1406 hic
1306 1372 1434 1404 autem

159 1430 267 1468 toties
298 1431 462 1471 occurrit
482 1462 492 1480 ,
533 1432 674 1484 quoties
705 1442 728 1473 n
758 1430 811 1471 est
842 1441 1019 1471 numerus
1048 1442 1102 1470 ex
1136 1429 1224 1469 serie
1256 1435 1431 1468 numero-

160 1503 242 1532 rum
275 1494 584 1546 pentagonalium
619 1495 682 1534 vel
716 1492 805 1546 ipsa,
837 1490 900 1533 vel
930 1503 1035 1534 retro
1072 1494 1323 1543 continuata3
1376 1487 1436 1529 his

160 1554 270 1606 igitur
301 1556 438 1597 casibus
472 1557 674 1597 tenendum
708 1556 760 1597 est
779 1587 790 1607 ,
822 1556 967 1609 semper
1000 1567 1071 1609 pro
1101 1556 1264 1595 termino
1280 1549 1434 1607 soz-rt)

161 1616 219 1656 seu
241 1614 308 1670 so
348 1619 465 1672 ipsum
500 1620 605 1660 iilum
642 1629 841 1661 numerum
879 1631 917 1671 n,
948 1619 1010 1672 qui
1059 1617 1316 1672 proponitur,
1363 1613 1434 1655 effe

160 1678 389 1722 scribendum
409 1714 419 1733 ,
469 1693 507 1722 et
556 1682 710 1736 quidem
749 1694 839 1722 cum
873 1692 924 1722 eo
954 1682 1087 1735 figno,
1135 1692 1214 1735 quo
1245 1679 1432 1720 terminus

181 1739 300 1797 (n—n)
333 1744 372 1782 in
404 1745 564 1786 formula
596 1745 720 1786 nostra
753 1744 929 1786 afficitur.

309 1836 343 1883 §-
404 1846 468 1882 13·
509 1832 580 1875 His
620 1835 799 1888 expositis
828 1830 1070 1889 praeceptis,
1120 1842 1215 1886 quae
1246 1824 1293 1869 ad
1323 1824 1433 1867 vium

159 1896 341 1939 formulae
380 1898 527 1938 nostrae
565 1896 745 1938 obseruari
774 1898 917 1948 ¹debent
935 1927 948 1950 -,
998 1894 1180 1949 exempla
1217 1905 1237 1934 a
1269 1887 1437 1932 numeris

159 1960 327 2001 minimis
355 1960 574 2001 inchoando
602 1972 794 2014 apponam
819 1995 831 2015 ‚
875 1974 950 2015 quo
982 1960 1120 2001 facilius
1159 1957 1220 1998 vis
1249 1954 1435 1995 formulae

156 2022 306 2064 nostrae
335 2024 589 2078 perspiciatur,
621 2018 804 2079 simulque
833 2025 914 2066 eius
945 2024 1081 2065 veritas
1113 2020 1337 2075 agnoscatur.

344 2156 347 2157 ⁷
565 2112 568 2113 ⁷
1364 2098 1431 2160 st

218 2177 518 2222 Tom.V.Nou.
532 2176 652 2222 Com.
950 2175 974 2218 1
