2062 2664
305 137 1248 186 METEOROLOGICAE
1335 151 1419 195 385

157 251 316 292 nubibus
361 251 479 292 testo.
560 251 691 292 Vento
727 252 756 293 S
794 253 834 292 O
883 251 1013 293 leniter
1059 256 1201 306 flante,
1257 258 1434 299 thermo·

160 324 287 353 metro
319 320 398 353 161
437 314 666 355 monstrante
759 312 855 353 Dies
886 318 1151 357 antecedentes
1183 320 1328 359 fuerunt
1361 333 1432 361 nu-

159 377 246 425 bili,
280 377 461 431 sequentes
488 389 580 415 vero
605 388 677 414 tres
702 375 833 426 suem,
868 378 1113 416 continuante
1150 383 1289 420 eodem
1335 395 1432 422 ven-

159 447 216 478 to.
259 438 423 481 Minima
443 439 598 478 altitudo
616 439 820 477 baronietri
842 439 1030 480 obseruata
1052 441 1103 479 est
1124 444 1251 481 mense
1271 443 1431 486 0620in

155 501 203 539 de
228 513 298 550 ες.
334 502 372 542 h.
410 516 450 541 2.
487 511 524 553 pt
560 514 615 540 m.
650 514 744 553 quae
773 502 824 541 est
863 506 931 539 26.
965 513 1024 549 70
1058 504 1166 542 coeio
1214 506 1343 545 nubilo
1394 517 1432 547 et

152 563 320 615 plnuio,
368 565 644 604 thermometro
696 567 801 613 146}
843 575 960 604 vento
992 565 1018 605 S
1051 566 1089 605 O
1142 566 1430 609 vehementissi-

156 638 222 665 rne
272 627 394 666 flante.
481 625 560 666 Die
590 628 753 679 icqueuti
791 631 846 665 26
883 640 994 680 aquae
1027 628 1162 669 Neu-ae
1195 630 1300 670 fluuii
1332 633 1430 684 ripas

154 689 405 740 excesserunt,
439 701 556 729 vento
600 690 639 729 N
667 690 727 729 W
760 689 1121 742 vehementissimo,
1166 692 1305 745 sequuti
1346 695 1425 735 lunt

151 749 285 790 deinde
316 752 394 792 dies
425 754 565 805 aliquot
598 751 725 793 sereni.
790 754 894 804 Ergo
928 754 1098 793 niaxirra
1133 756 1291 794 variatio
1321 756 1432 797 baro-

153 815 267 853 metri
300 827 368 866 per
401 825 522 855 totum
558 827 699 854 annum
734 814 800 854 fuit
837 828 874 853 2.
916 828 967 854 12
1003 816 1169 869 adeoqre
1201 822 1249 864 12²3
1281 820 1425 870 maior,

153 887 264 927 quam
284 890 384 918 anno
415 878 676 930 praecedentei
706 910 716 928 ,
749 890 824 929 quo
841 890 980 930 nempe
1014 880 1078 918 tuit
1122 892 1156 919 ι.
1191 886 1265 919 60.
1331 881 1426 934 Spa-

149 937 245 977 tium
298 942 548 980 variationum
592 941 922 980 barometricarum
958 941 1171 980 maximum
1215 954 1256 980 2.
1291 946 1350 991 69
1385 945 1425 984 in

149 1003 448 1043 antecedentibus
482 1003 682 1043 stabilitum
702 1034 713 1053 ,
744 1002 855 1041 huius
885 1003 973 1041 anni
1004 1002 1322 1044 obseruationibus
1346 1019 1426 1046 non

148 1065 300 1109 mutari,
319 1078 385 1117 per
405 1066 435 1105 se
456 1076 570 1118 patet,
589 1066 645 1104 vti
663 1076 810 1118 quoqne
830 1064 970 1104 ciarum
991 1064 1053 1113 est,
1073 1067 1298 1107 variationes
1316 1080 1426 1108 men.

149 1124 262 1164 struas
282 1136 319 1165 et
338 1127 411 1167 hoc
430 1141 530 1168 anno
548 1128 680 1181 primis
697 1136 734 1167 et
753 1127 895 1167 vltimis
914 1127 1097 1167 mensibus
1130 1127 1227 1167 fuisse
1247 1131 1425 1182 maiores,

145 1185 281 1224 mediis
313 1197 441 1228 autern
473 1192 650 1228 minores.
715 1190 883 1229 Variatio
916 1189 1098 1230 menstrua
1133 1192 1304 1232 maxima
1346 1193 1426 1233 ‘hoc

142 1258 245 1286 anno
262 1246 327 1286 fuit
343 1251 470 1288 mense
489 1249 653 1289 octobri
678 1266 716 1291 1.
735 1262 793 1299 90
815 1259 853 1290 et
870 1252 1037 1291 minima
1071 1257 1121 1299 ³⁵30
1148 1257 1276 1294 mense
1309 1254 1420 1294 Iuiio.

280 1310 540 1351 Variationem
587 1310 715 1350 caioris
764 1311 869 1351 huius
910 1314 996 1351 anni
1030 1312 1274 1356 MDCCLII
1306 1328 1421 1356 mon-

143 1371 255 1413 strant
285 1372 467 1426 sequentes
499 1373 779 1414 obseruationes
812 1373 1166 1417 thermomerricae.

543 1446 689 1489 Caloris
720 1449 1002 1489 diminutiones.

138 1521 292 1565 Menfis.
429 1518 545 1563 Dies}
563 1519 755 1559 Maxima.
837 1519 1019 1561 Minima.
1168 1523 1417 1569 Differemffi

138 1585 298 1626 Ianuarii
440 1595 511 1631 13.
547 1588 632 1630 187
700 1604 720 1613 -
785 1591 869 1632 147
890 1583 952 1623 die
991 1587 1046 1623 16
1073 1594 1120 1626 -et
1156 1592 1213 1626 26
1247 1612 1264 1620 -
1296 1612 1312 1621 -
1340 1602 1398 1641 40

139 1646 326 1688 Februarii
434 1656 503 1694 ¹7-
544 1654 628 1692 172
693 1667 712 1679 -
782 1650 869 1694 146
920 1673 934 1680 -
1013 1659 1032 1687 1
1103 1669 1121 1680 .
1191 1675 1206 1683 -
1241 1674 1262 1682 -
1293 1676 1308 1683 -
1340 1657 1399 1692 26

141 1709 270 1750 Martii
462 1722 504 1757 9.
540 1711 625 1746 162
692 1728 713 1736 -
782 1719 866 1759 ¹33
915 1733 930 1741 -
979 1715 1039 1750 26
1102 1730 1125 1739 -
1186 1735 1209 1741 .-
1237 1738 1252 1745 -
1289 1741 1308 1748 -
1337 1729 1397 1765 29

139 1771 286 1825 Aprilis
327 1782 345 1808 1
371 1777 408 1810 et
457 1784 501 1820 9.
541 1782 621 1826 153
688 1791 710 1799 -
773 1783 861 1822 114
911 1798 927 1806 -
981 1787 1036 1824 29
1069 1783 1108 1814 et
1143 1782 1250 1824 30'..
1280 1800 1303 1807 -
1336 1789 1396 1828 39

138 1832 237 1876 Maii
437 1845 506 1873 11.
549 1846 632 1884 ¹47
693 1859 709 1866 -
783 1846 864 1873 122
919 1858 935 1866 -
979 1844 1034 1880 28
1102 1861 1121 1869 -
1184 1861 1203 1868 —
1234 1865 1249 1873 -
1282 1858 1302 1869 -
1330 1851 1393 1889 25

138 1896 232 1938 Iunii
320 1905 407 1947 9et
430 1907 494 1935 11.
534 1902 638 1946 1353-
677 1918 704 1942 ‚-
769 1909 858 1950 104
906 1919 927 1929 ·
978 1912 1033 1948 23
1100 1925 1116 1933 -
1178 1923 1200 1932 -
1227 1927 1243 1935 -
1276 1926 1299 1932 -
1336 1908 1413 1950 31}

137 1959 222 2000 Iulii
286 1971 337 1997 22
360 1968 398 1998 et
421 1972 493 2008 30.
532 1967 614 2001 128
680 1986 697 1993 -
765 1967 870 2012 104}
901 1984 921 1992 -
976 1967 1029 2003 16
1089 1985 1112 1994 -
1176 1987 1197 1993 -
1229 1988 1247 1996 -
1285 1994 1290 1997 .
1333 1971 1408 2016 233

133 2022 289 2075 Augusti
425 2035 491 2062 12.
530 2033 614 2073 135
679 2045 704 2055 -
768 2035 850 2076 107
900 2050 917 2056 -
997 2042 1028 2078 4
1092 2049 1108 2060 -
1170 2035 1383 2070 ---28

194 2084 495 2127 Tom.V.Nou.
508 2083 624 2127 Com.
867 2085 902 2127 C
920 2101 942 2128 c
964 2101 986 2129 c
1289 2088 1398 2145 Sept.
