2062 2664
1131 197 1170 252 ><
1203 201 1264 237 16
1295 198 1327 247 >(

734 324 858 365 vHuius
888 323 1050 363 nonest
1081 323 1155 364 loci
1174 356 1185 375 ,
1223 322 1397 376 amplam
1448 314 1717 362 methodorum
1740 351 1751 365 ,
1771 336 1870 377 squa-

584 401 678 430 >rum
710 400 786 438 ope
823 385 930 426 huius
987 387 1130 439 generis
1169 387 1445 439 problematum
1483 384 1682 424 solutiones
1720 384 1872 427 assecuti

591 452 674 491 sunt
705 458 922 503 geometrae
943 479 955 499 ,
989 449 1170 489 instituere
1203 449 1453 489 recensionem
1490 462 1502 500 ς
1538 449 1574 488 id
1615 458 1740 487 tamen
1785 459 1873 488 mo-

592 525 754 564 nemus,
793 512 950 565 duplicis
989 513 1060 551 effe
1109 514 1254 565 generis
1288 542 1298 560 ,
1345 523 1438 565 quae
1488 510 1660 551 hactenus
1709 512 1872 563 prolatae

592 576 673 617 sunt
694 605 703 618 ‚
751 575 960 615 solutiones.
1027 575 1105 615 Alii
1139 578 1239 615 enim
1278 587 1329 615 ex
1372 573 1527 614 Statices
1560 576 1765 627 praeceptis
1798 577 1874 614 im-

594 640 761 680 mediate
789 637 882 690 ipsas
919 637 1130 688 deducunt,
1179 638 1238 677 alii
1288 649 1338 677 ex
1387 636 1575 689 principiis
1621 637 1767 676 aliunde
1809 648 1873 676 co-

594 703 732 755 gnitis«,
774 713 813 740 v.
858 713 896 753 g.
940 713 990 740 ex
1028 701 1149 740 centri
1191 700 1377 753 grauitatis
1408 698 1546 752 figurae
1593 698 1758 739 descensu
1792 712 1874 740 ,ma-

593 765 705 806 ximo
738 762 930 819 poffibili,
977 775 1037 803 eas
1066 771 1250 820 repetunt.

740 890 804 931 Ad
851 890 1020 942 priorem
1071 889 1217 931 erassem
1269 890 1460 945 pertinent
1514 922 1524 935 ,
1581 904 1667 945 quas
1721 886 1874 931 Clariis.

590 952 721 1005 *scripti
762 952 868 992 huius
909 954 1055 994 Auctor
1087 954 1254 994 adhibuit
1285 955 1599 1008 metliodos,qui
1619 956 1657 994 in
1694 955 1849 1007 negotio
1864 982 1880 997 „

595 1015 698 1068 quod
745 1014 1026 1068 expediendum
1074 1016 1138 1056 fibi
1186 1018 1430 1070 proposuerat
1466 1051 1477 1069 ,
1523 1020 1685 1072 sequenti
1736 1018 1879 1056 ratione

595 1070 774 1131 pro'cedit,
844 1074 1063 1116 Confiderat
1092 1080 1260 1129 primum
1294 1080 1399 1119 filum
1432 1082 1560 1121 flexile
1595 1113 1605 1129 ‚
1635 1081 1693 1119 cui
1730 1078 1879 1119 finitum

595 1151 796 1180 numerum
830 1140 1083 1190 potentiarum
1105 1169 1114 1184 ‚
1148 1140 1442 1191 qualemcunque
1494 1142 1566 1179 hae
1603 1140 1762 1179 habeant
1796 1152 1882 1180 ma-

597 1202 831 1255 gnitudinem
871 1213 914 1240 ac
965 1200 1213 1240 directionem
1248 1232 1260 1252 ,
1302 1201 1532 1253 'applicatam
1581 1199 1756 1253 supponit
1785 1230 1795 1249 ‚
1838 1210 1880 1240 et

595 1264 798 1304 formulam
832 1263 950 1314 eruit,
979 1276 1070 1316 quae
1106 1263 1237 1302 statum
1278 1265 1481 1316 aequilibrii
1515 1264 1592 1303 eius
1618 1295 1628 1314 ,
1660 1264 1758 1316 quod
1792 1264 1882 1305 hinc

595 1327 751 1368 nascitur
786 1359 796 1377 ‚
831 1326 1012 1379 polygoni
1060 1327 1299 1366 determinat.
1374 1327 1476 1366 Tum
1524 1327 1736 1379 generalem
1786 1326 1883 1367 hanc

595 1390 864 1442 aequationem
898 1420 910 1439 ,
956 1386 1008 1431 ‚ad
1053 1390 1176 1429 casum
1212 1422 1223 1440 ,
1262 1389 1327 1429 vbi
1377 1403 1536 1430 numero
1577 1389 1745 1428 infinitae
1784 1389 1882 1429 vires

597 1453 636 1492 in
667 1451 772 1492 filum
808 1461 943 1503 agunt,
976 1450 1083 1506 (quo
1115 1452 1200 1492 ¹casu
1237 1464 1314 1491 non
1351 1454 1585 1507 polygonum
1622 1485 1632 1503 ,
1673 1451 1730 1492 sed
1769 1463 1882 1492 curua

597 1514 755 1568 prodit)
801 1514 983 1556 transfert.
1027 1513 1243 1555 Considerat
1282 1516 1415 1555 exinde
1450 1529 1535 1555 eum
1564 1515 1692 1568 primo
1726 1517 1849 1554 casum
1871 1543 1883 1560 ‚

598 1578 664 1618 vbi
720 1578 819 1616 vires
855 1590 995 1617 «omnes
1027 1579 1064 1617 in
1098 1577 1202 1618 filum
1237 1587 1386 1631 agentes
1419 1588 1631 1619 curuaturae
1664 1578 1774 1630 ipsius
1806 1578 1884 1617 lunt

597 1639 788 1682 normales
825 1666 836 1689 ‚
886 1649 993 1694 atque
1046 1641 1243 1694 postquam
1284 1642 1387 1694 supra
1436 1645 1626 1682 inuentam
1676 1639 1880 1680 formulam

596 1702 810 1756 generalem
859 1703 955 1743 casui
987 1703 1074 1743 huic
1116 1707 1336 1756 adaperuit,
1379 1706 1521 1745 deducit
1565 1717 1615 1744 ex
1648 1705 1722 1756 ipsa
1755 1715 1883 1743 curua-

596 1774 718 1805 turam
756 1796 767 1816 ,
801 1777 917 1819 quam»
948 1766 1097 1806 assumit
1129 1767 1237 1807 filum
1261 1800 1272 1819 ,
1312 1768 1350 1807 in
1384 1770 1481 1821 quod
1513 1770 1588 1820 agit
1620 1766 1776 1807 fluidum
1805 1765 1884 1804 ela-

596 1828 726 1868 sticum
748 1858 758 1878 ,
787 1840 926 1882 quaqua
944 1830 1065 1869 verius
1092 1831 1231 1883 aequali
1257 1834 1294 1870 vi
1331 1833 1550 1883 expandere
1578 1831 1612 1868 se
1631 1830 1751 1868 nitens
1772 1857 1782 1877 ‚
1809 1826 1884 1868 flue

596 1891 794 1932 Velariam
829 1893 945 1945 primi
972 1889 1077 1945 cafits
1111 1922 1120 1940 ,
1170 1903 1303 1946 proute
1353 1895 1470 1946 ipsam
1521 1901 1637 1931 vocat
1687 1890 1836 1930 Auctor
1870 1918 1884 1941 ‚

595 1964 704 2006 atque
742 1966 895 1994 curnam
917 1987 928 2006 ‚
975 1957 1035 1995 cui
1070 1959 1245 2008 congruit
1277 1955 1409 2002 filum,
1428 1955 1529 2007 quod
1547 1953 1701 1993 fluidum
1729 1952 1885 2006 impulsu

595 2016 659 2056 suo
692 2019 874 2068 expandit
894 2049 904 2064 ,
937 2017 995 2058 seu
1013 2018 1208 2059 Velm-iam
1225 2015 1374 2071 secundi
1392 2014 1499 2067 cafits
1517 2050 1526 2068 ,
1551 2027 1590 2056 et
1608 2017 1883 2070 deniqueeam,

596 2091 688 2132 quae
727 2081 816 2119 dum
851 2080 954 2120 filum
990 2093 1010 2119 a
1061 2081 1179 2120 fluido
1199 2111 1209 2130 ‚
1242 2093 1292 2119 ex
1326 2080 1404 2119 solo
1435 2081 1498 2120 suo
1531 2080 1694 2132 pondere
1729 2088 1883 2131 agente,

594 2142 857 2198 expanditur,
888 2144 979 2185 oriri
1011 2144 1101 2184 solet
1119 2174 1131 2196 ,
1180 2156 1293 2198 quam
1322 2145 1557 2188 Linteariam
1588 2141 1765 2197 appellat.

1758 2203 1879 2247 Abso-
