2062 2664
338 173 412 216 IN
466 167 752 215 ANALYSI
806 166 1302 214 INFINITORVM.
1394 181 1445 219 91

189 285 295 340 gitari
325 281 474 336 poss‘unt
493 309 502 323 ‚
534 291 625 331 quae
657 279 795 318 nullam
831 280 940 331 plane
974 282 1192 321 solutionem
1225 283 1447 334 admittunt3

190 349 347 388 omniuo
378 345 431 382 vti
464 343 523 381 vsu
556 342 685 380 venire
719 340 806 379 solet
840 341 876 379 in
907 342 1202 393 problematibus
1233 346 1276 383 ad
1300 344 1447 383 metho-

189 411 278 450 dum
311 405 588 459 Diophanteam
622 403 903 456 pertinentibus.
985 403 1095 442 Vnde
1127 405 1240 443 etiam
1274 406 1347 443 slne
1378 416 1450 445 du-

189 473 253 512 bio
285 470 373 510 haec
404 467 606 507 fimilitudo
637 466 762 506 locum
796 466 989 514 inueniet,
1040 474 1082 504 vt
1114 467 1183 504 alia
1215 466 1451 519 problemata

189 533 404 573 solutionem
439 529 653 581 gen‘ralem
673 560 684 580 ‚
729 527 799 568 alia
829 540 923 569 vero
956 538 1099 569 tantum
1135 528 1335 569 solutiones
1366 529 1450 581 spe.

186 595 293 634 ciales
325 593 556 645 perm‘u'Tnt.

335 663 561 704 Huiusmodi
594 662 705 715 igitur
738 661 973 715 problemata
1004 662 1066 704 hic
1087 671 1230 704 tantum
1251 663 1449 716 proferam,

187 737 345 780 quorum
399 725 622 765 solutionem
656 725 780 765 inueni
801 756 812 776 ,
858 736 902 764 vt
932 726 1006 766 hoc
1036 727 1156 766 modo
1184 726 1375 778 specimen
1407 738 1450 766 ac

187 790 309 842 prima
361 787 458 840 quafi
507 788 694 828 elementa
741 799 862 827 nouae
901 788 1107 838 methodi,
1159 801 1272 841 quam
1304 788 1452 827 vltetius

186 850 431 890 excolendam
477 862 680 904 propono,
729 848 964 900 exhibeam,
1015 863 1109 902 quae
1156 851 1222 891 etsi
1274 850 1450 903 exiguam

187 922 327 954 tanturn
362 922 509 965 partem
543 912 649 953 huius
682 912 854 952 methodi
885 913 1107 952 constituere
1142 913 1310 952 videntur
1329 941 1338 953 ,
1390 921 1453 952 ta-

188 987 278 1016 men
328 977 364 1014 vi
395 989 459 1024 m,
509 987 575 1028 qua
625 975 773 1015 vlterius
821 973 995 1028 progredi
1027 973 1139 1013 liceat
1159 1006 1169 1025 ,
1215 972 1450 1025 patefficient.

188 1035 302 1077 Certa
334 1049 377 1077 at.
400 1051 458 1077 :m
492 1037 577 1077 inde
606 1049 736 1077 earum
770 1037 1035 1088 operationum
1066 1037 1162 1075 ratio
1201 1034 1453 1088 perspicietur,

188 1109 280 1150 quae
315 1099 455 1138 directe
489 1097 651 1150 nihilque
682 1098 905 1137 diuinntioni
939 1098 1138 1137 tribuendo
1170 1098 1215 1137 ad
1255 1098 1454 1136 lolutiones

187 1171 319 1200 eorum
337 1160 638 1214 problematum,
656 1172 748 1212 quae
765 1168 851 1199 ante
870 1160 1185 1211 commemoraui,
1202 1159 1420 1214 perducant.

637 1267 986 1310 LEMMA.

341 1384 380 1412 1.
411 1369 589 1415 formula
609 1366 756 1423 sydx
787 1373 859 1413 erit
889 1371 1130 1426 algebraica,
1151 1373 1193 1428 fi
1216 1372 1311 1415 haec
1326 1370 1453 1427 sxdy

173 1435 298 1493 fuerit
313 1435 412 1485 talis,
427 1442 460 1475 et
482 1456 521 1488 ὅ.
548 1436 701 1486 remum,
737 1448 764 1475 a
794 1447 869 1487 qua
901 1435 1139 1490 quadratura
1164 1437 1331 1491 pendebit
1361 1439 1454 1477 inte-

178 1502 306 1552 gratio
339 1498 488 1539 alterius
508 1497 693 1549 Jormulae
712 1493 776 1551 sy
793 1499 862 1539 dx
880 1530 891 1550 ,
923 1498 972 1539 ab
1002 1499 1128 1539 eadem
1150 1511 1285 1554 quoque
1303 1499 1456 1542 alterius

176 1559 212 1614 s
217 1574 244 1602 x
262 1562 321 1613 dy
352 1563 545 1613 integratio
569 1559 751 1614 pendebit.

332 1629 620 1671 Demonstratio
662 1630 703 1671 ‘st
735 1631 948 1680 manifesta,
978 1644 1063 1672 cum
1097 1632 1141 1673 sit
1164 1631 1222 1685 sy
1238 1634 1300 1675 dx
1317 1648 1370 1675 ;.-
1388 1647 1417 1675 x
1420 1647 1453 1686 y

190 1688 370 1744 -sxdy‚
405 1695 503 1733 vnde
536 1702 659 1746 patet,
691 1693 714 1733 5²
748 1693 909 1735 formula
929 1691 998 1748 sx
1015 1695 1080 1746 dy
1111 1697 1218 1736 fuerit
1248 1698 1312 1736 vel
1360 1697 1457 1747 alge-

190 1753 329 1802 braica,
361 1754 419 1792 vel
451 1756 578 1794 datam
611 1756 869 1808 quadraturam
904 1758 1130 1810 implicans,
1168 1759 1325 1800 eandem
1360 1769 1455 1813 quo·

189 1826 261 1868 que
291 1825 462 1856 naturam
496 1816 634 1857 habere
665 1819 769 1859 alter.
796 1833 824 1860 η
856 1819 1057 1860 formulam
1078 1817 1140 1874 sy
1157 1821 1236 1861 dx.

453 1922 1187 1994 COROLL-JRIVM.

258 2033 261 2036 s
340 2029 382 2057 2.
413 2015 541 2058 Simili
575 2021 696 2061 modo
728 2022 925 2076 integratio
953 2025 1060 2067 huius
1079 2026 1264 2067 formulae
1277 2022 1456 2080 syxdx‚

189 2078 256 2120 vel
301 2078 406 2121 huius
437 2076 507 2135 sy
532 2084 682 2125 x⁷¹dx
730 2086 910 2139 pendebit
959 2077 1010 2128 ab⁸
1051 2089 1299 2143 integratione
1349 2088 1457 2126 huius

906 2149 953 2191 M
987 2161 1012 2189 2
1292 2145 1452 2200 sxxdy
