2062 2664
278 152 661 200 FACTAE
713 153 1247 200 TVRINGAE.
1334 171 1422 209 409

309 267 436 311 Martii
471 269 551 317 36,
592 266 692 306 inter
724 268 840 306 nubes
873 268 1030 318 diuisas,
1071 272 1155 322 post
1202 274 1424 326 gmndinem

152 343 200 375 act
230 334 497 374 vehementem
528 328 721 382 pluuium,
759 331 956 382 conspicua
989 340 1069 369 erat
1102 345 1232 376 aurora
1268 338 1427 377 borealis

159 397 357 448 manifesta,
389 392 546 448 copiosis
575 392 665 432 striis
695 401 732 431 et
765 392 884 432 radiis.

304 490 397 533 Maii
433 499 501 540 13,
533 487 657 527 aderat
690 486 755 528 lux
789 487 952 529 borealis
981 490 1122 529 iterum.
1149 491 1358 543 manifesta,
1390 494 1429 533 in

157 554 346 597 serenitate
390 551 466 592 fere
514 551 677 603 integra,
726 551 824 591 inter
873 551 1080 606 splendidas
1127 553 1224 597 fixas
1256 555 1429 597 boreales

158 618 365 672 conspicua,

290 709 373 751 Iulii
412 711 468 747 16
489 741 499 761 ,
545 709 642 750 inter
673 707 817 751 'fissuras
848 711 1008 753 nubium
1042 712 1109 753 lux
1139 712 1300 754 borealis
1330 714 1427 757 mihi

153 775 230 818 visa
248 776 327 827 fuit,
359 772 461 824 albis,
494 781 534 813 et
563 776 713 814 mutatis
744 774 905 826 subinde,
939 777 1067 830 virgis,
1098 777 1296 818 manifesta.

302 867 385 912 Iulii
422 884 494 923 21,
530 870 569 910 in
600 870 732 910 itinere
751 870 1009 923 Stutzgardiae
1041 870 1214 922 versatim,
1246 871 1326 911 vidi
1355 885 1425 914 au-

151 944 280 974 toram
315 932 506 975 borealem
540 933 679 983 multis,
710 933 805 986 latis,
837 933 999 987 albisque
1050 933 1142 975 striis
1173 934 1425 989 eminentem,

152 997 250 1038 circa
285 995 423 1040 horam
456 1011 483 1048 9
516 1010 556 1051 p.
593 1009 648 1036 m.

294 1091 385 1133 Iulii
419 1104 473 1143 31
498 1121 511 1144 ,
551 1091 617 1132 lux
650 1090 804 1133 borealis
833 1102 971 1147 magna
987 1124 1004 1146 .‚
1051 1093 1150 1134 inter
1199 1093 1315 1135 nubes
1366 1101 1423 1135 te-

150 1162 253 1195 mles

259 1245 418 1298 Augusti
458 1257 477 1284 1
516 1255 556 1287 et
590 1261 629 1299 2,
671 1251 710 1289 in
743 1248 864 1303 aliqua
897 1250 1110 1306 serenitate,
1161 1253 1245 1307 post
1276 1254 1424 1309 pluuias

137 1307 269 1360 fortes,
300 1310 462 1350 eandem
494 1310 720 1352 debiliorem
754 1312 958 1353 obseruaui.

282 1401 438 1455 Augusti
475 1415 528 1453 23
557 1434 567 1454 ,
619 1404 777 1459 suspicio
827 1406 928 1448 mihi
977 1407 1060 1450 talis
1089 1409 1180 1450 lucis
1210 1417 1319 1451 enata
1350 1411 1420 1464 est,

143 1478 199 1507 ex
228 1464 400 1520 aliquibus
429 1465 717 1520 phaenomenis.

260 1559 496 1603 Nouembris
536 1571 603 1612 17,
633 1560 747 1601 flante
778 1560 868 1602 forti
901 1560 1011 1604 Euro
1033 1595 1046 1617 ,
1086 1564 1236 1606 aderant
1268 1566 1420 1619 vestigia

144 1621 236 1665 luds
264 1624 438 1664 borealis.

293 1714 521 1756 Decembris
568 1729 626 1767 14
644 1751 654 1770 ‚
704 1718 818 1759 flante
870 1721 1062 1763 fortiffimo
1110 1718 1304 1778 Zephyro
1348 1736 1420 1779 per

145 1778 288 1828 aliquot
319 1779 392 1818 dles
413 1812 422 1830 ‚
470 1778 560 1819 hora
595 1784 622 1819 6
657 1783 818 1835 vespert.
857 1785 1046 1827 manifesta
1082 1787 1209 1828 aderat
1241 1788 1312 1829 lux
1345 1789 1420 1828 bo-

144 1838 254 1941 ἕεεΙίε
282 1840 379 1942 igiter
412 1843 525 1883 nubes
556 1846 747 1889 continuas
789 1849 891 1893 varia
919 1860 960 1891 -et
991 1851 1209 1893 inconstanti
1240 1851 1417 1894 albedine

161 1914 184 1942 e
214 1914 284 1955 pro
309 1915 386 1944 ens,

214 2030 336 2086 [som.
349 2031 399 2073 V.
410 2032 519 2076 Nou.
531 2033 649 2080 Com.
963 2043 995 2098 F
1006 2042 1029 2083 f
1038 2041 1063 2098 f
1320 2040 1419 2099 Qui-
