2062 2664
229 175 525 226 ROTARVM
557 174 833 221 DENTIBVS
866 175 1218 223 TRIBVENDA.
1294 188 1379 226 303

122 303 373 348 comparatae,
425 300 466 330 vt
516 290 660 343 singulis
707 290 999 331 oscillationibus
1049 304 1098 330 ex
1133 291 1224 330 statu
1258 290 1392 343 quietis

129 361 176 398 de
211 369 313 397 nouo
358 355 594 407 producatur.
664 350 764 392 Cum
809 353 920 403 igitur
953 354 990 390 in
1023 351 1228 403 horologiis
1262 353 1395 392 nullius

122 432 226 463 rotae
279 428 404 460 motus
452 417 495 457 fit
542 415 745 455 continuus
786 425 824 453 er
859 414 1076 464 vniformis,
1111 414 1210 453 nulla
1243 427 1391 466 quoque

120 486 223 526 ratio
257 492 376 535 Vrget,
413 480 535 520 dentes
565 488 732 519 rotarum
768 479 817 517 ita
851 476 1024 527 efficere,
1057 486 1102 515 vt
1137 486 1261 516 motus
1280 489 1395 529 ungu⁴

125 548 214 588 laris
259 555 364 585 rotae
413 540 593 595 impulsae
642 543 688 581 ad
740 551 891 581 motum
925 540 1140 593 angularem
1176 550 1281 580 rotae
1318 541 1396 580 im-

126 610 320 664 pellentiS,
370 607 500 658 quouis
535 606 693 655 instanti,
745 606 868 644 datam
903 613 1029 643 teneat
1062 604 1280 654 rationem,
1339 603 1400 643 sed

126 672 286 721 sufficit,
322 669 414 708 dum
460 669 706 721 vnusquisque
741 669 831 708 dens
862 677 968 707 rotae
998 667 1225 720 impellentis
1275 679 1396 706 vnum

126 737 272 775 dentem
300 741 405 771 rotae
436 732 612 784 impulsae
642 740 882 784 promoueat.
955 731 1152 785 Quocirca
1207 730 1263 769 his
1307 731 1400 770 rotis

127 798 248 838 omnis
298 794 532 848 perfeetionis
564 796 695 848 gradus
715 824 724 838 ‚
775 795 875 834 cuius
906 793 985 833 sunt
1018 806 1186 846 capaces,
1220 793 1400 832 concilia-

126 861 242 909 bitur,
291 858 318 899 fi
353 858 482 898 dentes
514 859 565 897 ita
597 859 858 907 efformentur,
893 866 937 896 vt
966 869 1096 896 eorum
1129 857 1231 895 actio
1264 868 1395 896 mutua

126 923 265 964 nullam
301 923 463 975 patiatur
505 921 751 961 frictionem:
802 921 849 960 sic
893 920 995 958 enim
1027 919 1159 958 dentes
1190 917 1394 958 diutiffime

126 986 291 1026 debitam
353 985 512 1037 figuram
547 986 648 1025 suam
690 982 986 1034 conseruabunt,
1036 983 1073 1021 in
1126 995 1203 1035 quo
1255 982 1395 1021 eximia

124 1048 416 1099 horologiorum
458 1049 572 1088 virtus
602 1048 828 1088 continetur.

240 1137 345 1177 Hinc
395 1149 487 1190 ergo
537 1138 691 1192 duplicis
719 1139 869 1191 ‘generis
909 1145 1010 1177 rotas
1039 1136 1210 1176 dentatas
1241 1137 1396 1179 obtine-

124 1210 238 1240 mus:
290 1200 448 1238 alterum
470 1230 481 1247 ,
528 1214 604 1252 quo
638 1211 741 1239 rotae
793 1202 826 1239 se
870 1210 1006 1240 mutuo
1040 1200 1112 1239 fine
1143 1201 1313 1240 srie'tione
1347 1202 1394 1241 ad

127 1269 279 1300 motum
315 1259 526 1310 impellunt,
560 1263 716 1300 alterum
751 1274 853 1310 vero,
888 1275 979 1315 quo,
1014 1263 1162 1301 firotae
1192 1263 1395 1316 impellen-

129 1323 174 1362 tis
214 1330 338 1361 motus
372 1321 478 1358 fuerit
518 1323 728 1372 vniformis,
760 1323 871 1363 fimul
903 1336 1008 1363 rotae
1042 1326 1223 1377 impulsae
1267 1337 1395 1366 motus

130 1383 289 1425 efficitur
340 1395 392 1422 vn
409 1382 549 1425 formis.
648 1386 988 1442 Qiemiidmodum
1042 1400 1133 1440 crgo
1185 1390 1314 1429 dentes
1358 1390 1395 1428 in

133 1458 292 1499 vtroque
342 1457 503 1485 rotarum
555 1461 692 1501 genere
736 1450 957 1490 effinmatos
990 1451 1062 1490 effe
1095 1463 1296 1505 oporteat,
1346 1464 1397 1493 ex

128 1509 296 1550 formulis
330 1520 415 1550 ante
447 1510 624 1552 exhibitis
664 1512 867 1564 indagabo.

743 1635 764 1676 I

135 1709 215 1753 DE
248 1708 428 1764 R0T1S,
459 1710 614 1767 QVAE
645 1709 708 1753 SE
741 1711 946 1753 MvTvo
975 1710 1103 1753 SINE
1121 1700 1396 1756 DENTIVM

486 1780 739 1818 FRlCTIONE
762 1781 1043 1818 IMPELLVNT.

254 1894 292 1922 1.
359 1880 461 1923 Cum
495 1884 607 1937 igitur
638 1886 676 1925 in
711 1886 768 1925 his
799 1886 892 1925 rotis
922 1885 1156 1926 vniformitas
1185 1897 1311 1927 motus
1342 1888 1397 1928 lo-

134 1957 221 1984 cum
255 1957 331 1984 non
363 1944 515 1994 habeat,
549 1949 606 1987 seu
639 1959 765 1989 motus
797 1950 977 2003 angularis
1011 1952 1129 2002 vniuS,
1170 1951 1215 1990 ad
1246 1964 1397 1991 motum

133 2008 345 2059 angularem
398 2008 556 2059 alterius,
596 2012 781 2052 rationem
831 2025 908 2052 non
959 2022 1081 2053 teneat
1131 2015 1361 2054 constantem
1385 2044 1396 2064 ,

137 2081 317 2131 quantitas
351 2062 510 2137 {gr-n
546 2093 620 2120 non
662 2083 732 2122 erit
771 2084 959 2132 constans,
996 2084 1055 2123 seu
1089 2096 1111 2122 n
1144 2086 1392 2135 quantitatem

135 2139 354 2180 variabilem
391 2143 594 2182 denotabit.
661 2145 750 2185 Hoc
779 2156 903 2186 autem
939 2159 1014 2185 non
1033 2146 1199 2185 obstante
1232 2147 1395 2197 ealdcm,

202 2202 324 2244 Tom.
333 2204 385 2244 V.
394 2205 497 2246 Nou.
507 2203 610 2246 Com
617 2236 628 2246 .
925 2209 974 2263 Q
982 2222 1007 2261 q
1309 2220 1397 2262 quas
