2062 2664
563 193 645 223 100
674 178 753 223 DE
771 169 1074 222 METHODO
1093 168 1518 216 DIOPHANTEAE
1536 160 1842 227 ANALOQ(

939 286 966 331 s
1002 284 1036 327 c
1069 287 1107 328 H
1142 287 1182 328 o
1213 285 1248 327 L
1282 284 1300 325 1
1333 285 1372 326 o
1406 283 1462 326 N.

715 384 781 424 17.
814 372 856 416 Si
889 375 1001 427 igitur
1033 378 1144 415 vnica
1181 382 1414 426 proponatur
1446 371 1609 413 formula
1643 370 1836 425 integralis⁴

559 438 604 479 ad
638 429 804 479 valorem
837 437 1085 490 algebraicum
1119 438 1324 478 reducenda
1346 469 1357 488 ‚
1409 448 1525 488 eaque
1558 436 1739 488 pertineat
1785 434 1833 475 ad

559 502 732 542 ordinem
768 502 935 555 primum
957 531 969 552 ,
1004 510 1086 540 tum
1121 501 1283 553 quaestio
1313 499 1408 540 nulla
1439 497 1837 540 laboratdifficultate..

560 564 686 619 Atque
721 565 830 605 simul
862 565 943 617 pari
973 575 1089 615 opera
1119 562 1218 602 effici
1252 564 1372 615 potest
1392 594 1402 612 ,
1453 573 1496 601 vt
1528 563 1622 602 illius
1650 561 1837 601 formulae

559 628 763 681 integratio
794 641 814 667 a
848 627 932 666 data
967 627 1186 680 quadratura
1222 627 1409 679 pendeat,
1460 635 1571 678 atque
1604 624 1748 678 infiaper
1791 631 1833 671 (t

563 701 634 742 tot,
667 701 759 745 quot
793 690 873 744 quis
906 689 1085 740 voluerit,
1119 689 1254 729 casibus
1285 688 1537 741 algebraicusn
1573 689 1736 728 obtineat
1769 699 1836 726 va-

561 753 700 793 lorem.
789 755 1008 805 Antequam
1040 753 1153 805 igitur
1189 752 1234 792 ad
1266 751 1443 792 formulas
1474 752 1703 805 sequentium
1735 751 1837 791 ordi-

561 828 652 855 num
687 816 933 868 progrediar‚
967 815 1155 855 eiusmodi
1192 816 1429 869 problemata
1459 827 1669 869 proponam
1690 846 1701 866 ‚
1755 814 1839 867 qui-

564 878 630 918 bus
661 877 752 918 duae
786 879 958 931 pluresue
987 879 1171 919 formulae
1200 878 1339 919 ordinis
1371 879 1487 932 primi
1518 878 1625 919 simul
1658 881 1703 918 ad
1733 877 1839 917 valo-

562 952 621 981 res
680 940 911 992 algebraicos
968 940 1037 981 sint
1086 942 1345 994 reducendae3
1410 942 1459 981 ita
1504 951 1546 981 vt
1596 941 1840 981 existentibus

565 1003 601 1043 V
633 1011 670 1042 et
703 999 741 1042 Z
774 1002 1024 1043 functionibus
1074 1005 1231 1057 ipsarum
1273 1017 1301 1045 x
1342 1015 1378 1045 et
1410 1017 1463 1054 y,
1513 1006 1655 1044 valores
1706 1004 1840 1044 harum

563 1065 723 1106 duarum
755 1065 998 1106 formularum
1016 1063 1051 1119 s
1061 1067 1095 1105 V
1114 1069 1181 1107 dx
1214 1076 1253 1106 et
1274 1064 1439 1118 sde
1474 1067 1537 1106 vel
1572 1067 1738 1119 plurium
1773 1066 1846 1104 hu·-

567 1127 732 1170 iusmodi
770 1127 966 1181 algebraici
1015 1129 1086 1169 sint
1137 1128 1339 1169 efficiendi.
1434 1127 1504 1168 Hic
1553 1131 1706 1181 quidem
1757 1136 1845 1168 ante

568 1193 699 1232 omnia
730 1191 987 1231 animaduerto
1009 1217 1020 1239 ,
1058 1191 1148 1231 haec
1182 1193 1415 1244 problemata
1447 1194 1484 1230 in
1510 1203 1642 1243 genere
1661 1200 1846 1241 concepta

570 1255 667 1297 mihi
699 1254 851 1308 quidem
886 1265 962 1293 non
997 1253 1160 1294 solubilia
1192 1254 1334 1302 videri,
1378 1256 1440 1293 sed
1472 1254 1612 1294 nonnisi
1645 1253 1707 1292 sub
1738 1253 1848 1292 certis

570 1316 883 1368 conditionibus,
929 1316 1058 1369 quibus
1097 1315 1299 1355 functiones
1333 1315 1369 1354 V
1401 1326 1440 1356 et
1473 1311 1511 1356 Z
1545 1316 1614 1355 sint
1647 1315 1850 1369 praeditae,

570 1377 796 1419 solutionem
840 1379 1052 1420 admittere.
1149 1379 1294 1434 Quibus
1324 1379 1434 1431 igitur
1466 1379 1606 1420 casibus
1640 1378 1736 1417 mihi
1766 1376 1853 1430 qui·

572 1441 665 1482 dem
699 1442 745 1484 ad
777 1442 1006 1482 solutionem
1042 1444 1239 1496 peruenire
1273 1442 1427 1493 licuerit,
1461 1441 1522 1482 hic
1557 1452 1771 1493 exponam.

896 1550 1419 1597 PROBLEMA
1484 1566 1527 1602 4.

727 1631 791 1667 18.
844 1622 884 1665 Si
933 1625 962 1666 P
991 1637 1030 1666 et
1063 1625 1112 1681 Q
1136 1625 1206 1665 stnt
1238 1624 1447 1665 functiones
1475 1635 1710 1677 quaecunque
1743 1621 1853 1675 ipsius

553 1699 623 1740 ..κῃ
652 1687 818 1728 inuenire
850 1687 1074 1729 relationem
1109 1689 1308 1728 ideoneam
1342 1688 1437 1727 inter
1468 1687 1658 1729 variabiles
1690 1698 1718 1727 ,τ
1749 1695 1788 1725 et
1807 1697 1854 1737 y,

576 1761 620 1790 vt
652 1753 787 1792 ambae
818 1750 890 1791 hae
921 1751 1101 1792 formulae
1122 1747 1182 1804 sy
1202 1750 1314 1792 de
1344 1761 1382 1791 et
1400 1749 1462 1803 sy
1480 1751 1602 1807 de
1634 1749 1780 1790 valores
1799 1747 1856 1788 al-

579 1813 770 1865 gebraicos
800 1813 1054 1868 adipiscantur.

1005 1915 1451 1960 SOLVTIO.

731 1986 894 2030 Ponatur
927 1998 1078 2044 vtraque
1110 1990 1269 2030 formula
1298 1990 1446 2031 seorfim
1480 1988 1639 2044 aequalis
1663 1987 1859 2041 quantitati

583 2047 797 2104 cuicunque·
821 2050 1050 2105 algebraicae
1071 2083 1081 2103 ‚
1114 2052 1250 2091 scilicet

687 2116 1454 2184 sdeszetsdex-:Mq
1762 2185 1811 2227 H.

1803 2196 1863 2227 mc
