<?xml version="1.0" encoding="UTF-8"?>
<!DOCTYPE html PUBLIC "-//W3C//DTD XHTML 1.0 Transitional//EN"
    "http://www.w3.org/TR/xhtml1/DTD/xhtml1-transitional.dtd">
<html xmlns="http://www.w3.org/1999/xhtml" xml:lang="en" lang="en">
 <head>
  <title>
</title>
<meta http-equiv="Content-Type" content="text/html;charset=utf-8" />
  <meta name='ocr-system' content='tesseract 3.04.00' />
  <meta name='ocr-capabilities' content='ocr_page ocr_carea ocr_par ocr_line ocrx_word'/>
</head>
<body>
  <div class='ocr_page' id='page_1' title='image "./novicommentariac05impe_0427.png"; bbox 0 0 2062 2664; ppageno 0'>
   <div class='ocr_carea' id='block_1_1' title="bbox 179 173 1447 454">
    <p class='ocr_par' dir='ltr' id='par_1_1' title="bbox 179 173 1447 454">
     <span class='ocr_line' id='line_1_1' title="bbox 604 173 1447 234; baseline -0.012 -4"><span class='ocrx_word' id='word_1_1' title='bbox 604 178 722 229; x_wconf 63' lang='grc' dir='ltr'>»ἓέεζ</span> <span class='ocrx_word' id='word_1_2' title='bbox 769 177 799 234; x_wconf 84' lang='grc'>)(</span> <span class='ocrx_word' id='word_1_3' title='bbox 839 186 864 214; x_wconf 79' lang='lat'><em>0</em></span> <span class='ocrx_word' id='word_1_4' title='bbox 900 173 936 231; x_wconf 66' lang='lat' dir='ltr'>J(</span> <span class='ocrx_word' id='word_1_5' title='bbox 988 176 1105 226; x_wconf 53' lang='lat' dir='ltr'>&amp;tegm</span> <span class='ocrx_word' id='word_1_6' title='bbox 1360 178 1447 220; x_wconf 72' lang='lat'><strong>373·</strong></span> 
     </span>
     <span class='ocr_line' id='line_1_2' title="bbox 384 283 1241 336; baseline -0.015 0"><span class='ocrx_word' id='word_1_7' title='bbox 384 283 1241 336; x_wconf 61' lang='lat' dir='ltr'><em>OBSERVATIONES</em></span> 
     </span>
     <span class='ocr_line' id='line_1_3' title="bbox 179 384 1445 454; baseline -0.013 0"><span class='ocrx_word' id='word_1_8' title='bbox 179 384 1445 454; x_wconf 81' lang='lat' dir='ltr'><strong>METEOROLOGICAE</strong></span> 
     </span>
    </p>
   </div>
   <div class='ocr_carea' id='block_1_2' title="bbox 203 518 1416 573">
    <p class='ocr_par' dir='ltr' id='par_1_2' title="bbox 203 518 1416 573">
     <span class='ocr_line' id='line_1_4' title="bbox 203 518 1416 573; baseline -0.011 -1"><span class='ocrx_word' id='word_1_9' title='bbox 203 530 279 572; x_wconf 90' lang='lat' dir='ltr'>AB</span> <span class='ocrx_word' id='word_1_10' title='bbox 301 529 467 573; x_wconf 81' lang='lat' dir='ltr'>ANNO</span> <span class='ocrx_word' id='word_1_11' title='bbox 489 524 799 568; x_wconf 86' lang='lat' dir='ltr'>MDCCXLIX</span> <span class='ocrx_word' id='word_1_12' title='bbox 818 523 900 565; x_wconf 79' lang='lat' dir='ltr'>AD</span> <span class='ocrx_word' id='word_1_13' title='bbox 920 521 1141 564; x_wconf 84' lang='lat' dir='ltr'>ANNVM</span> <span class='ocrx_word' id='word_1_14' title='bbox 1156 518 1416 561; x_wconf 87' lang='lat' dir='ltr'>MDCCLIV</span> 
     </span>
    </p>
   </div>
   <div class='ocr_carea' id='block_1_3' title="bbox 173 623 1443 750">
    <p class='ocr_par' dir='ltr' id='par_1_3' title="bbox 173 623 1443 750">
     <span class='ocr_line' id='line_1_5' title="bbox 173 623 1443 683; baseline -0.008 -6"><span class='ocrx_word' id='word_1_15' title='bbox 173 631 475 681; x_wconf 81' lang='lat' dir='ltr'>PETROPOLI</span> <span class='ocrx_word' id='word_1_16' title='bbox 514 631 738 675; x_wconf 86' lang='lat' dir='ltr'><strong>FACTAE</strong></span> <span class='ocrx_word' id='word_1_17' title='bbox 761 664 771 683; x_wconf 82' lang='lat'>‚</span> <span class='ocrx_word' id='word_1_18' title='bbox 823 623 1443 671; x_wconf 77' lang='lat' dir='ltr'>ANIMADVERS‘IONIBV‘S</span> 
     </span>
     <span class='ocr_line' id='line_1_6' title="bbox 318 698 1291 750; baseline -0.009 -1"><span class='ocrx_word' id='word_1_19' title='bbox 318 704 709 750; x_wconf 74' lang='lat' dir='ltr'><strong>ILLVSTRATAE</strong></span> <span class='ocrx_word' id='word_1_20' title='bbox 753 703 827 746; x_wconf 87' lang='lat' dir='ltr'>ET</span> <span class='ocrx_word' id='word_1_21' title='bbox 866 698 1291 745; x_wconf 82' lang='lat' dir='ltr'><strong>CONSECTARIIS.</strong></span> 
     </span>
    </p>
   </div>
   <div class='ocr_carea' id='block_1_4' title="bbox 506 819 1094 954">
    <p class='ocr_par' dir='ltr' id='par_1_4' title="bbox 506 819 1094 954">
     <span class='ocr_line' id='line_1_7' title="bbox 691 819 912 861; baseline -0.018 0"><span class='ocrx_word' id='word_1_22' title='bbox 691 819 912 861; x_wconf 81' lang='lat' dir='ltr'>Auctore</span> 
     </span>
     <span class='ocr_line' id='line_1_8' title="bbox 506 908 1094 954; baseline -0.01 0"><span class='ocrx_word' id='word_1_23' title='bbox 506 911 550 954; x_wconf 83' lang='grc' dir='ltr'>Ι.</span> <span class='ocrx_word' id='word_1_24' title='bbox 620 910 674 954; x_wconf 87' lang='grc' dir='ltr'>Α.</span> <span class='ocrx_word' id='word_1_25' title='bbox 748 911 782 953; x_wconf 92' lang='grc' dir='ltr'><em>Β</em></span> <span class='ocrx_word' id='word_1_26' title='bbox 815 910 852 951; x_wconf 83' lang='lat' dir='ltr'><em>R</em></span> <span class='ocrx_word' id='word_1_27' title='bbox 887 908 928 951; x_wconf 83' lang='lat' dir='ltr'><em>A</em></span> <span class='ocrx_word' id='word_1_28' title='bbox 963 909 1004 949; x_wconf 90' lang='lat' dir='ltr'><em>V</em></span> <span class='ocrx_word' id='word_1_29' title='bbox 1033 910 1094 950; x_wconf 82' lang='lat' dir='ltr'>N.</span> 
     </span>
    </p>
   </div>
   <div class='ocr_carea' id='block_1_5' title="bbox 150 1030 1464 2154">
    <p class='ocr_par' dir='ltr' id='par_1_5' title="bbox 150 1030 1464 2154">
     <span class='ocr_line' id='line_1_9' title="bbox 159 1030 1443 1148; baseline -0.005 -64"><span class='ocrx_word' id='word_1_30' title='bbox 159 1030 570 1148; x_wconf 73' lang='lat' dir='ltr'>Communicamus</span> <span class='ocrx_word' id='word_1_31' title='bbox 614 1042 683 1083; x_wconf 79' lang='lat' dir='ltr'>hic</span> <span class='ocrx_word' id='word_1_32' title='bbox 711 1040 987 1082; x_wconf 77' lang='lat' dir='ltr'>obseruationes</span> <span class='ocrx_word' id='word_1_33' title='bbox 1019 1037 1340 1091; x_wconf 74' lang='lat' dir='ltr'>meteorologicas</span> <span class='ocrx_word' id='word_1_34' title='bbox 1378 1037 1443 1078; x_wconf 79' lang='lat' dir='ltr'>sex</span> 
     </span>
     <span class='ocr_line' id='line_1_10' title="bbox 287 1100 1440 1156; baseline -0.005 -10"><span class='ocrx_word' id='word_1_35' title='bbox 287 1118 497 1156; x_wconf 77' lang='lat' dir='ltr'>annorum,</span> <span class='ocrx_word' id='word_1_36' title='bbox 529 1105 574 1145; x_wconf 84' lang='lat' dir='ltr'>ab</span> <span class='ocrx_word' id='word_1_37' title='bbox 609 1117 713 1144; x_wconf 70' lang='lat' dir='ltr'>annor</span> <span class='ocrx_word' id='word_1_38' title='bbox 736 1103 873 1143; x_wconf 84' lang='lat' dir='ltr'>scilicet</span> <span class='ocrx_word' id='word_1_39' title='bbox 922 1114 1041 1150; x_wconf 80' lang='lat'>1749</span> <span class='ocrx_word' id='word_1_40' title='bbox 1094 1101 1138 1140; x_wconf 83' lang='lat' dir='ltr'>ad</span> <span class='ocrx_word' id='word_1_41' title='bbox 1190 1102 1278 1141; x_wconf 84' lang='lat' dir='ltr'>anni</span> <span class='ocrx_word' id='word_1_42' title='bbox 1321 1100 1440 1141; x_wconf 88' lang='lat' dir='ltr'>finem</span> 
     </span>
     <span class='ocr_line' id='line_1_11' title="bbox 162 1163 1464 1221; baseline -0.003 -13"><span class='ocrx_word' id='word_1_43' title='bbox 162 1178 282 1215; x_wconf 71' lang='grc'><strong>3754-</strong></span> <span class='ocrx_word' id='word_1_44' title='bbox 314 1170 531 1221; x_wconf 83' lang='lat' dir='ltr'>Petroburgi</span> <span class='ocrx_word' id='word_1_45' title='bbox 553 1167 749 1207; x_wconf 70' lang='lat' dir='ltr'>institutas.</span> <span class='ocrx_word' id='word_1_46' title='bbox 797 1165 1022 1218; x_wconf 83' lang='lat' dir='ltr'>Superiores</span> <span class='ocrx_word' id='word_1_47' title='bbox 1049 1163 1322 1204; x_wconf 81' lang='lat' dir='ltr'>obseruationes</span> <span class='ocrx_word' id='word_1_48' title='bbox 1339 1177 1358 1203; x_wconf 84' lang='lat' dir='ltr'><strong>a</strong></span> <span class='ocrx_word' id='word_1_49' title='bbox 1377 1175 1441 1204; x_wconf 86' lang='lat' dir='ltr'>me</span> <span class='ocrx_word' id='word_1_50' title='bbox 1461 1172 1464 1175; x_wconf 75' lang='grc'><strong>’</strong></span> 
     </span>
     <span class='ocr_line' id='line_1_12' title="bbox 154 1227 1439 1280; baseline 0 -14"><span class='ocrx_word' id='word_1_51' title='bbox 154 1230 466 1268; x_wconf 80' lang='lat' dir='ltr'>communicatae</span> <span class='ocrx_word' id='word_1_52' title='bbox 498 1230 728 1280; x_wconf 75' lang='lat' dir='ltr'>incipiebant:</span> <span class='ocrx_word' id='word_1_53' title='bbox 758 1230 804 1267; x_wconf 79' lang='lat' dir='ltr'>ab</span> <span class='ocrx_word' id='word_1_54' title='bbox 838 1239 939 1266; x_wconf 84' lang='lat' dir='ltr'>anno</span> <span class='ocrx_word' id='word_1_55' title='bbox 975 1237 1102 1276; x_wconf 76' lang='lat'>1744,</span> <span class='ocrx_word' id='word_1_56' title='bbox 1133 1236 1168 1265; x_wconf 88' lang='lat' dir='ltr'>et</span> <span class='ocrx_word' id='word_1_57' title='bbox 1203 1227 1439 1280; x_wconf 83' lang='lat' dir='ltr'>pertinebant</span> 
     </span>
     <span class='ocr_line' id='line_1_13' title="bbox 151 1288 1435 1342; baseline -0.002 -12"><span class='ocrx_word' id='word_1_58' title='bbox 151 1290 196 1330; x_wconf 81' lang='lat' dir='ltr'>ad</span> <span class='ocrx_word' id='word_1_59' title='bbox 230 1288 352 1329; x_wconf 90' lang='lat' dir='ltr'>finem</span> <span class='ocrx_word' id='word_1_60' title='bbox 388 1289 477 1329; x_wconf 80' lang='lat' dir='ltr'>anni</span> <span class='ocrx_word' id='word_1_61' title='bbox 516 1298 648 1339; x_wconf 77' lang='lat'><strong>1747,</strong></span> <span class='ocrx_word' id='word_1_62' title='bbox 706 1299 884 1342; x_wconf 80' lang='lat' dir='ltr'>erantque</span> <span class='ocrx_word' id='word_1_63' title='bbox 914 1291 1010 1329; x_wconf 84' lang='lat' dir='ltr'>adeo</span> <span class='ocrx_word' id='word_1_64' title='bbox 1043 1298 1198 1342; x_wconf 80' lang='lat' dir='ltr'>quatuor</span> <span class='ocrx_word' id='word_1_65' title='bbox 1228 1301 1435 1340; x_wconf 79' lang='lat' dir='ltr'>annorum,</span> 
     </span>
     <span class='ocr_line' id='line_1_14' title="bbox 153 1350 1435 1403; baseline -0.001 -12"><span class='ocrx_word' id='word_1_66' title='bbox 153 1351 222 1391; x_wconf 82' lang='lat' dir='ltr'>vbi</span> <span class='ocrx_word' id='word_1_67' title='bbox 253 1352 333 1393; x_wconf 77' lang='lat' dir='ltr'>iam</span> <span class='ocrx_word' id='word_1_68' title='bbox 366 1353 557 1393; x_wconf 81' lang='lat' dir='ltr'>monitum</span> <span class='ocrx_word' id='word_1_69' title='bbox 591 1351 657 1403; x_wconf 82' lang='lat' dir='ltr'>est,</span> <span class='ocrx_word' id='word_1_70' title='bbox 690 1351 964 1391; x_wconf 77' lang='lat' dir='ltr'>obseruationes</span> <span class='ocrx_word' id='word_1_71' title='bbox 984 1353 1072 1390; x_wconf 88' lang='lat' dir='ltr'>anni</span> <span class='ocrx_word' id='word_1_72' title='bbox 1113 1355 1227 1401; x_wconf 62' lang='lat'>174&amp;</span> <span class='ocrx_word' id='word_1_73' title='bbox 1262 1350 1435 1391; x_wconf 81' lang='lat' dir='ltr'>deficere.</span> 
     </span>
     <span class='ocr_line' id='line_1_15' title="bbox 152 1413 1436 1470; baseline 0.001 -16"><span class='ocrx_word' id='word_1_74' title='bbox 152 1415 284 1470; x_wconf 81' lang='lat' dir='ltr'>Quum</span> <span class='ocrx_word' id='word_1_75' title='bbox 318 1414 392 1455; x_wconf 86' lang='lat' dir='ltr'>fere</span> <span class='ocrx_word' id='word_1_76' title='bbox 437 1415 569 1455; x_wconf 84' lang='lat' dir='ltr'>eadem</span> <span class='ocrx_word' id='word_1_77' title='bbox 605 1413 796 1454; x_wconf 82' lang='lat' dir='ltr'>methodo</span> <span class='ocrx_word' id='word_1_78' title='bbox 845 1414 884 1453; x_wconf 90' lang='lat' dir='ltr'>in</span> <span class='ocrx_word' id='word_1_79' title='bbox 920 1414 979 1454; x_wconf 76' lang='lat' dir='ltr'>his</span> <span class='ocrx_word' id='word_1_80' title='bbox 1025 1414 1343 1455; x_wconf 81' lang='lat' dir='ltr'>obseruationibus</span> <span class='ocrx_word' id='word_1_81' title='bbox 1378 1413 1436 1455; x_wconf 77' lang='lat' dir='ltr'>vfi</span> 
     </span>
     <span class='ocr_line' id='line_1_16' title="bbox 151 1477 1433 1531; baseline -0.002 -12"><span class='ocrx_word' id='word_1_82' title='bbox 151 1478 274 1528; x_wconf 86' lang='lat' dir='ltr'>simus,</span> <span class='ocrx_word' id='word_1_83' title='bbox 307 1490 353 1519; x_wconf 84' lang='lat' dir='ltr'>ae</span> <span class='ocrx_word' id='word_1_84' title='bbox 382 1480 423 1519; x_wconf 88' lang='lat' dir='ltr'>in</span> <span class='ocrx_word' id='word_1_85' title='bbox 455 1477 773 1531; x_wconf 81' lang='lat' dir='ltr'>praecedentibus,</span> <span class='ocrx_word' id='word_1_86' title='bbox 804 1486 842 1515; x_wconf 86' lang='lat' dir='ltr'>et</span> <span class='ocrx_word' id='word_1_87' title='bbox 873 1477 1191 1528; x_wconf 77' lang='lat' dir='ltr'>iisdemquoque</span> <span class='ocrx_word' id='word_1_88' title='bbox 1211 1477 1433 1517; x_wconf 83' lang='lat' dir='ltr'>instrumen-</span> 
     </span>
     <span class='ocr_line' id='line_1_17' title="bbox 151 1536 1432 1590; baseline 0 -10"><span class='ocrx_word' id='word_1_89' title='bbox 151 1542 198 1581; x_wconf 87' lang='lat' dir='ltr'>tis</span> <span class='ocrx_word' id='word_1_90' title='bbox 230 1541 503 1582; x_wconf 71' lang='lat' dir='ltr'>obseruationes</span> <span class='ocrx_word' id='word_1_91' title='bbox 532 1539 648 1578; x_wconf 58' lang='lat' dir='ltr'>factae</span> <span class='ocrx_word' id='word_1_92' title='bbox 682 1539 780 1590; x_wconf 77' lang='lat' dir='ltr'>fint3</span> <span class='ocrx_word' id='word_1_93' title='bbox 815 1538 1040 1589; x_wconf 81' lang='lat' dir='ltr'>superfluum</span> <span class='ocrx_word' id='word_1_94' title='bbox 1074 1536 1195 1588; x_wconf 75' lang='lat' dir='ltr'>esset„</span> <span class='ocrx_word' id='word_1_95' title='bbox 1227 1539 1345 1578; x_wconf 78' lang='lat' dir='ltr'>multa</span> <span class='ocrx_word' id='word_1_96' title='bbox 1385 1540 1432 1580; x_wconf 87' lang='lat' dir='ltr'>de</span> 
     </span>
     <span class='ocr_line' id='line_1_18' title="bbox 150 1598 1429 1644; baseline -0.002 0"><span class='ocrx_word' id='word_1_97' title='bbox 150 1604 272 1644; x_wconf 91' lang='lat' dir='ltr'>modo</span> <span class='ocrx_word' id='word_1_98' title='bbox 319 1615 356 1644; x_wconf 89' lang='lat' dir='ltr'>et</span> <span class='ocrx_word' id='word_1_99' title='bbox 399 1602 653 1643; x_wconf 81' lang='lat' dir='ltr'>instrumentis</span> <span class='ocrx_word' id='word_1_100' title='bbox 707 1601 768 1641; x_wconf 86' lang='lat' dir='ltr'>hic</span> <span class='ocrx_word' id='word_1_101' title='bbox 802 1612 971 1640; x_wconf 86' lang='lat' dir='ltr'>monere.</span> <span class='ocrx_word' id='word_1_102' title='bbox 1034 1598 1133 1641; x_wconf 85' lang='lat' dir='ltr'>Sunt</span> <span class='ocrx_word' id='word_1_103' title='bbox 1165 1600 1307 1641; x_wconf 84' lang='lat' dir='ltr'>scilicet·</span> <span class='ocrx_word' id='word_1_104' title='bbox 1334 1603 1429 1642; x_wconf 76' lang='lat' dir='ltr'>tum-</span> 
     </span>
     <span class='ocr_line' id='line_1_19' title="bbox 155 1663 1432 1706; baseline -0.001 -1"><span class='ocrx_word' id='word_1_105' title='bbox 155 1678 240 1706; x_wconf 84' lang='lat' dir='ltr'>mae</span> <span class='ocrx_word' id='word_1_106' title='bbox 272 1675 310 1705; x_wconf 90' lang='lat' dir='ltr'>et</span> <span class='ocrx_word' id='word_1_107' title='bbox 360 1665 513 1705; x_wconf 83' lang='lat' dir='ltr'>infimae</span> <span class='ocrx_word' id='word_1_108' title='bbox 553 1664 735 1705; x_wconf 66' lang='lat' dir='ltr'>Mercurii</span> <span class='ocrx_word' id='word_1_109' title='bbox 770 1663 981 1704; x_wconf 79' lang='lat' dir='ltr'>altitudines</span> <span class='ocrx_word' id='word_1_110' title='bbox 1013 1663 1055 1704; x_wconf 88' lang='lat' dir='ltr'>in</span> <span class='ocrx_word' id='word_1_111' title='bbox 1086 1664 1203 1704; x_wconf 89' lang='lat' dir='ltr'>Tubo</span> <span class='ocrx_word' id='word_1_112' title='bbox 1233 1664 1432 1705; x_wconf 84' lang='lat' dir='ltr'>torricelli-</span> 
     </span>
     <span class='ocr_line' id='line_1_20' title="bbox 153 1726 1428 1781; baseline 0.002 -14"><span class='ocrx_word' id='word_1_113' title='bbox 153 1739 229 1767; x_wconf 76' lang='lat' dir='ltr'>ano</span> <span class='ocrx_word' id='word_1_114' title='bbox 261 1740 330 1780; x_wconf 83' lang='lat' dir='ltr'>per</span> <span class='ocrx_word' id='word_1_115' title='bbox 373 1727 532 1781; x_wconf 85' lang='lat' dir='ltr'>fingulos</span> <span class='ocrx_word' id='word_1_116' title='bbox 581 1727 670 1767; x_wconf 82' lang='lat' dir='ltr'>anni</span> <span class='ocrx_word' id='word_1_117' title='bbox 702 1726 840 1766; x_wconf 85' lang='lat' dir='ltr'>menses</span> <span class='ocrx_word' id='word_1_118' title='bbox 875 1736 1040 1777; x_wconf 78' lang='lat' dir='ltr'>notatae,</span> <span class='ocrx_word' id='word_1_119' title='bbox 1074 1739 1162 1767; x_wconf 88' lang='lat' dir='ltr'>cum</span> <span class='ocrx_word' id='word_1_120' title='bbox 1197 1727 1428 1781; x_wconf 70' lang='lat' dir='ltr'>differentiis,</span> 
     </span>
     <span class='ocr_line' id='line_1_21' title="bbox 155 1789 1430 1844; baseline 0.001 -14"><span class='ocrx_word' id='word_1_121' title='bbox 155 1790 202 1830; x_wconf 77' lang='lat' dir='ltr'>ad</span> <span class='ocrx_word' id='word_1_122' title='bbox 251 1791 552 1844; x_wconf 67' lang='lat' dir='ltr'>cognoscendam</span> <span class='ocrx_word' id='word_1_123' title='bbox 601 1790 848 1831; x_wconf 77' lang='lat' dir='ltr'>variationem</span> <span class='ocrx_word' id='word_1_124' title='bbox 904 1801 1034 1830; x_wconf 85' lang='lat' dir='ltr'>earum</span> <span class='ocrx_word' id='word_1_125' title='bbox 1075 1789 1270 1831; x_wconf 68' lang='lat' dir='ltr'>cuiuslibet</span> <span class='ocrx_word' id='word_1_126' title='bbox 1319 1803 1430 1831; x_wconf 87' lang='lat' dir='ltr'>men-</span> 
     </span>
     <span class='ocr_line' id='line_1_22' title="bbox 155 1851 1429 1895; baseline 0.002 -2"><span class='ocrx_word' id='word_1_127' title='bbox 155 1851 201 1893; x_wconf 84' lang='lat' dir='ltr'>sis</span> <span class='ocrx_word' id='word_1_128' title='bbox 249 1862 288 1892; x_wconf 89' lang='lat' dir='ltr'>et</span> <span class='ocrx_word' id='word_1_129' title='bbox 336 1855 420 1894; x_wconf 82' lang='lat' dir='ltr'>anni</span> <span class='ocrx_word' id='word_1_130' title='bbox 470 1865 559 1894; x_wconf 90' lang='lat' dir='ltr'>cum</span> <span class='ocrx_word' id='word_1_131' title='bbox 610 1853 800 1893; x_wconf 82' lang='lat' dir='ltr'>altitudine</span> <span class='ocrx_word' id='word_1_132' title='bbox 851 1854 975 1893; x_wconf 85' lang='lat' dir='ltr'>media</span> <span class='ocrx_word' id='word_1_133' title='bbox 1018 1853 1283 1894; x_wconf 59' lang='lat' dir='ltr'>barometricae</span> <span class='ocrx_word' id='word_1_134' title='bbox 1380 1854 1429 1895; x_wconf 86' lang='lat' dir='ltr'>In</span> 
     </span>
     <span class='ocr_line' id='line_1_23' title="bbox 154 1915 1428 1971; baseline 0.002 -15"><span class='ocrx_word' id='word_1_135' title='bbox 154 1915 465 1957; x_wconf 63' lang='lat' dir='ltr'>obseruationibus</span> <span class='ocrx_word' id='word_1_136' title='bbox 514 1916 833 1957; x_wconf 82' lang='lat' dir='ltr'>thermometricis</span> <span class='ocrx_word' id='word_1_137' title='bbox 874 1916 1066 1957; x_wconf 80' lang='lat' dir='ltr'>maximas</span> <span class='ocrx_word' id='word_1_138' title='bbox 1097 1930 1245 1971; x_wconf 86' lang='lat' dir='ltr'>quoque</span> <span class='ocrx_word' id='word_1_139' title='bbox 1279 1927 1319 1957; x_wconf 89' lang='lat' dir='ltr'>et</span> <span class='ocrx_word' id='word_1_140' title='bbox 1352 1919 1428 1958; x_wconf 82' lang='lat' dir='ltr'>rni-</span> 
     </span>
     <span class='ocr_line' id='line_1_24' title="bbox 154 1979 1426 2034; baseline 0.002 -17"><span class='ocrx_word' id='word_1_141' title='bbox 154 1979 276 2019; x_wconf 78' lang='lat' dir='ltr'>nimus</span> <span class='ocrx_word' id='word_1_142' title='bbox 306 1979 437 2020; x_wconf 82' lang='lat' dir='ltr'>caloris</span> <span class='ocrx_word' id='word_1_143' title='bbox 466 1979 732 2020; x_wconf 87' lang='lat' dir='ltr'>diminutiones</span> <span class='ocrx_word' id='word_1_144' title='bbox 764 1980 996 2020; x_wconf 68' lang='lat' dir='ltr'>enotauimus</span> <span class='ocrx_word' id='word_1_145' title='bbox 1028 1993 1096 2034; x_wconf 88' lang='lat' dir='ltr'>per</span> <span class='ocrx_word' id='word_1_146' title='bbox 1127 1981 1288 2034; x_wconf 74' lang='lat' dir='ltr'>singulos</span> <span class='ocrx_word' id='word_1_147' title='bbox 1337 1980 1426 2020; x_wconf 79' lang='lat' dir='ltr'>anni</span> 
     </span>
     <span class='ocr_line' id='line_1_25' title="bbox 153 2041 1420 2098; baseline 0.001 -16"><span class='ocrx_word' id='word_1_148' title='bbox 153 2041 297 2083; x_wconf 65' lang='lat' dir='ltr'>mentes</span> <span class='ocrx_word' id='word_1_149' title='bbox 325 2054 409 2085; x_wconf 88' lang='lat' dir='ltr'>cum</span> <span class='ocrx_word' id='word_1_150' title='bbox 444 2042 660 2086; x_wconf 66' lang='lat' dir='ltr'>differentiis</span> <span class='ocrx_word' id='word_1_151' title='bbox 692 2043 736 2084; x_wconf 83' lang='lat' dir='ltr'>ad</span> <span class='ocrx_word' id='word_1_152' title='bbox 771 2043 997 2084; x_wconf 80' lang='lat' dir='ltr'>variationes</span> <span class='ocrx_word' id='word_1_153' title='bbox 1028 2044 1159 2085; x_wconf 81' lang='lat' dir='ltr'>caloris</span> <span class='ocrx_word' id='word_1_154' title='bbox 1190 2042 1420 2098; x_wconf 79' lang='lat' dir='ltr'>singulorum</span> 
     </span>
     <span class='ocr_line' id='line_1_26' title="bbox 807 2107 1423 2154; baseline -0.003 -6"><span class='ocrx_word' id='word_1_155' title='bbox 807 2107 845 2148; x_wconf 91' lang='lat' dir='ltr'><strong>A</strong></span> <span class='ocrx_word' id='word_1_156' title='bbox 866 2118 886 2146; x_wconf 89' lang='lat' dir='ltr'><strong>a</strong></span> <span class='ocrx_word' id='word_1_157' title='bbox 903 2118 924 2145; x_wconf 84' lang='lat' dir='ltr'>a</span> <span class='ocrx_word' id='word_1_158' title='bbox 956 2116 979 2154; x_wconf 83' lang='lat'><strong>3</strong></span> <span class='ocrx_word' id='word_1_159' title='bbox 1311 2117 1423 2147; x_wconf 80' lang='lat' dir='ltr'>men-</span> 
     </span>
    </p>
   </div>
  </div>
 </body>
</html>
