2062 2664
699 170 732 228 )(
768 183 823 225 35
858 173 893 227 )(

163 301 383 344 Catesbiana
416 296 533 351 pedes
580 297 757 351 vti-inque
810 294 1065 350 pentadn&yli
1113 299 1437 350 repraesentantur.

163 369 220 408 At
250 367 309 406 hic
342 374 447 402 error
489 361 610 413 potest
660 360 735 401 effe
780 361 949 413 pistoris.
1030 361 1185 412 Catesly»
1238 375 1351 415 neque
1400 374 1445 403 ac

164 427 334 472 Halmius
365 425 414 465 de
449 435 611 464 numero
643 426 851 478 digitorum
887 424 1007 465 silent.
1069 425 1106 465 E
1148 426 1339 463 contrario
1371 436 1445 476 pu-

164 500 253 546 gnat
282 500 356 542 pro
388 486 554 529 Gmelino
579 519 590 539 ‚
622 491 724 542 quod
754 487 898 528 illustris
930 488 1044 527 etiam
1082 487 1269 529 Linnacus
1289 489 1326 527 in
1347 486 1445 537 Syst.

161 562 236 596 nat.
271 552 331 591 ed.
370 562 465 591 nov.
500 565 540 605 p.
572 554 645 603 64.
682 550 830 605 palmas
861 550 1118 601 tetradadtylas
1149 551 1279 601 habet,
1302 551 1447 604 plantas

156 614 453 671 pentada&ylas.
531 613 727 655 Praeterea
760 616 798 654 in
849 626 1008 655 numero
1060 614 1227 655 striarum
1276 612 1446 654 diffensus

155 688 304 733 regnat.
339 678 527 718 Linnaezts
560 678 585 720 1.
616 691 653 718 c.
687 678 782 719 etin
800 677 936 718 Museo
955 675 1125 717 Sereniss.
1154 678 1272 731 Regis
1292 676 1446 717 Sueciae

155 755 197 796 p.
238 746 277 781 8.
312 753 389 781 non
425 741 493 780 nisi
533 751 690 794 quatuor
728 750 927 793 numerat,
953 740 1138 783 Gmelz'nus
1165 754 1252 781 cum
1291 739 1444 795 Mcffer-

145 802 325 860 fihmidio
346 835 357 855 ‚
392 804 475 844 imo
507 804 681 846 Kalmius
700 837 711 856 ,
743 805 914 858 quinque.
976 805 1041 845 An
1084 805 1232 844 forsitan
1274 804 1354 842 stria
1407 804 1445 843 in

154 868 291 909 medio
323 867 430 908 dorso
464 879 542 907 non
576 868 613 908 in
648 868 800 908 censum
844 868 976 912 venit,
1009 860 1133 906 ‘veluti
1184 867 1266 906 aliis
1299 878 1445 918 quoque

155 930 379 971 *animalibus
418 931 631 972 communis
661 929 677 971 ζ
720 931 895 983 Denique
929 925 1268 984 MeſjIeJfihmldio,
1305 931 1446 968 mitem

158 994 372 1034 animalculi
403 996 560 1046 genium
595 994 785 1042 laudanti,
818 995 1040 1033 contradicit
1071 991 1237 1033 Kalmius
1268 1003 1304 1043 p·
1345 993 1445 1039 465.

158 1057 228 1097 Ex
259 1056 334 1095 hoc
368 1057 461 1096 nibil
494 1058 593 1097 aliud
622 1057 861 1109 ‘consequitur
883 1087 893 1105 ,
919 1068 1033 1107 quam
1066 1056 1164 1106 quod
1185 1066 1313 1094 mores
1327 1052 1449 1093 Sciuri

158 1118 274 1159 striati
308 1117 453 1157 Sibirici
472 1149 483 1167 ‚
518 1130 540 1157 a
574 1118 749 1159 moribus
785 1117 1006 1159 animalculi
1035 1118 1258 1169 congeneris
1287 1117 1450 1159 Ameti-

153 1180 243 1221 cani
271 1180 346 1221 smt
376 1179 523 1220 diuerfi.

598 1306 723 1349 Ibe-x
755 1307 1004 1351 imberbis.

300 1432 374 1475 De
401 1431 481 1474 boc
508 1433 661 1475 animali
677 1433 757 1475 'iam
780 1434 952 1476 *diximus
976 1433 1154 1475 nonnulla
1174 1433 1211 1474 in
1229 1430 1448 1477 Summario

154 1495 283 1536 Tomi
312 1496 387 1538 IV.
428 1495 658 1538 Comment.
710 1511 749 1551 p.
801 1500 878 1537 60.
922 1499 1228 1550 correximusiue
1277 1511 1447 1539 errorem

163 1556 318 1602 Stelleri
338 1592 349 1613 ,
392 1562 455 1614 qui
493 1561 580 1602 illud
616 1573 690 1614 pro
723 1558 880 1616 Caprea
928 1560 1165 1604 Monocerote
1213 1562 1446 1602 vendiderat.

163 1621 307 1673 Nunc,
342 1625 441 1678 quod
478 1624 528 1664 ibi
560 1624 802 1678 promisimus
823 1656 833 1674 ,
868 1624 1015 1678 plenam
1047 1627 1125 1665 eius
1156 1625 1446 1678 descripriinem

165 1685 309 1726 damus.
393 1688 558 1728 Vnicum
613 1685 737 1728 deesse
781 1689 956 1741 videtur,
1004 1689 1103 1742 quod
1137 1695 1447 1741 praetereunsmm

164 1748 276 1788 nobis
308 1760 385 1787 non
418 1751 482 1790 est.
548 1750 644 1791 Ibex
674 1750 737 1791 hic
756 1784 767 1802 ,
798 1752 946 1804 pascens
978 1752 1014 1791 in
1048 1753 1222 1805 campis,
1256 1762 1448 1803 nunquam

164 1810 347 1863 anticipat
377 1813 533 1863 gradum
554 1845 565 1864 ‚
598 1813 658 1853 sed
690 1814 844 1868 semper
874 1815 1167 1868 retrogreditur,
1201 1825 1321 1867 neque
1347 1814 1452 1853 aliter

166 1872 298 1914 herbas
328 1874 488 1924 resecare
522 1875 639 1927 potest
660 1907 670 1926 ,
698 1878 749 1915 ob
781 1880 1075 1930 prominentiam
1110 1878 1195 1918 labii
1231 1877 1453 1930 superioris,

164 1948 261 1990 quae
293 1936 579 1989 impedimento
612 1936 712 1978 foret
745 1940 844 1979 vltra
880 1942 1163 1993 progredienti,
1198 1950 1234 1980 at
1260 1939 1451 1979 recedenti

165 1998 335 2053 gramina
367 1998 544 2052 colligere
584 2001 800 2053 opitulatur.
867 2002 1054 2045 Gmelinus
1102 2005 1189 2044 citat
1223 2003 1448 2046 Herberstei-

166 2063 274 2104 nium.
325 2061 449 2102 Locus
478 2063 530 2103 est
563 2064 600 2103 in
642 2062 781 2117 Script.
816 2078 887 2106 rer.
920 2067 1097 2109 Moscou.
1130 2081 1155 2121 p
1194 2074 1261 2117 84.
1284 2076 1324 2105 et
1354 2064 1449 2116 apud

165 2124 316 2180 Ionston.
347 2129 467 2168 Tom.
501 2125 556 2168 11.
587 2126 663 2168 Ed.
697 2125 869 2181 Ruffchii
907 2143 948 2184 p.
985 2141 1060 2181 45.
1103 2129 1252 2172 Cornua
1281 2126 1452 2168 Sinenses

717 2190 754 2233 E
789 2204 814 2231 2
1296 2197 1451 2243 emunt,
