2062 2664
260 187 785 256 QVADRJPEDVM
831 186 1258 234 DESCRIPTIO.
1325 192 1413 240 361

138 310 253 349 schol<
303 307 409 348 craffa
465 306 504 344 in
557 314 716 356 Vtroque
751 303 942 342 indiuiduo
978 310 1018 352 5}
1054 303 1249 343 werscliok
1282 315 1418 355 aequa-

141 374 246 412 bant.
314 368 475 410 Caecum
509 367 700 419 angustum
721 398 731 416 ‚
763 367 861 403 duris
894 365 1060 403 foecibus
1094 367 1277 417 repletum
1313 377 1351 404 et
1374 370 1416 412 εξ

142 434 338 475 werschok
389 434 542 482 longum
565 461 575 480 ‚
625 430 792 477 adeoque
828 424 973 467 Grewii
1017 428 1253 478 deleriptioni
1295 427 1417 478 vulpi-

142 510 212 537 me
247 509 321 536 non
350 494 554 535 admodum
589 493 830 531 conueniens.
905 491 1034 543 Hepar
1069 490 1106 528 in
1143 502 1246 529 mare
1278 490 1318 528 in
1353 490 1414 530 lex

143 561 250 600 lobos
282 567 359 598 erat
388 555 568 605 diuisum,
603 566 768 608 quorum
803 564 959 606 quatuor
991 554 1147 593 majores
1176 563 1303 604 erant,
1339 553 1415 592 duo

144 625 317 672 minoreS,
357 630 394 659 et
425 631 475 658 ex
511 619 566 658 his
606 619 700 657 alter
731 616 900 657 lobulnm
948 616 1104 668 Spigelii
1154 616 1414 655 constituebat.

140 684 188 726 In
220 683 390 724 foemella
424 682 514 722 0610
546 681 656 720 lobos
686 681 877 720 numeraui
896 713 907 732 ,
941 690 1016 720 tres
1049 679 1261 728 maximos,
1290 691 1410 719 vnum

140 749 370 789 mediocrem
400 777 411 796 ,
442 756 476 784 et
512 754 668 797 quatuor
698 745 874 785 minores.
959 742 1054 786 Duo
1088 743 1284 782 minorum
1307 772 1319 792 ,
1374 742 1414 782 in

139 810 248 864 gibba
277 822 380 862 parte
412 808 624 861 conspicui,
657 819 744 846 cum
780 807 894 846 tertio
926 807 964 846 in
997 806 1086 846 sima
1122 815 1226 858 parte
1256 805 1414 859 pofito,

141 867 269 913 lobuni
303 873 401 926 quasi
436 872 603 911 trifidum
639 870 927 910 constituebant.
1023 869 1185 923 Quartus
1215 880 1237 907 a
1287 868 1379 908 lobo
1400 899 1412 920 ‚

138 936 197 976 cui
233 935 386 975 vesicula
418 933 520 974 fellea
554 935 697 974 adiacet
719 964 731 985 ,
782 932 1004 984 tegebatur,
1057 933 1224 983 adeoque
1278 931 1412 971 fimam

137 999 275 1052 pariter
323 999 470 1052 hepatis
521 997 715 1050 regionem
762 994 985 1048 occupabat.
1086 992 1254 1033 Veficula
1303 993 1411 1033 fellea

137 1062 381 1114 pyriformiS,
440 1072 562 1113 pauco
611 1059 694 1098 felle
743 1057 896 1111 repleta.
992 1056 1088 1097 Lien
1131 1062 1174 1106 ιζ
1214 1055 1411 1098 werschok

137 1123 269 1175 longus
288 1156 298 1175 ,
347 1122 508 1175 superius
555 1129 571 1172 ζ
620 1121 766 1161 circiter
795 1118 1009 1171 werschok,
1051 1118 1201 1159 inferius
1227 1124 1249 1167 ’ξ
1279 1118 1371 1161 latus
1393 1151 1406 1172 ‚

136 1187 261 1224 tenuis
292 1185 485 1225 substantia
519 1185 657 1224 lienem
692 1184 902 1224 humanum
941 1182 1135 1223 referebat.
1232 1183 1411 1223 Pancreas

136 1250 180 1291 1}
212 1244 407 1284 werschok
436 1247 599 1295 longum
619 1275 632 1293 ‚
674 1251 689 1290 ξ
722 1244 917 1284 werschok
954 1245 1086 1284 latum.
1169 1242 1409 1287 Choledochi

130 1315 169 1347 et
199 1305 422 1359 pancreatici
454 1304 634 1344 ducstuum
667 1306 820 1345 insertio
850 1307 888 1344 in
922 1306 1145 1347 duodenum
1179 1316 1259 1346 erat
1308 1309 1407 1348 duo-

133 1370 201 1410 bus
251 1367 430 1409 distinc‘tis
475 1366 641 1416 orificiis,
700 1368 870 1408 distantia
902 1368 1060 1410 duorum
1094 1368 1288 1410 werschok
1321 1366 1408 1412 curri

133 1429 280 1472 semisse
312 1443 334 1470 a
368 1430 516 1484 pyloro.
601 1428 766 1484 Cordis,
815 1433 1041 1485 pulmonum
1078 1443 1116 1473 et
1157 1432 1328 1474 vasorum
1380 1446 1406 1474 e

133 1494 247 1536 corde
280 1495 542 1547 oriundorum,
572 1503 634 1534 aut
668 1495 720 1534 ibi
753 1495 1059 1547 terminatorum,
1091 1497 1225 1535 eadem
1246 1497 1407 1536 omnino

134 1557 351 1611 dispositio,
384 1570 426 1597 ac
460 1558 498 1596 in
531 1569 635 1596 cane.
695 1555 876 1595 Vasorum
911 1556 1214 1608 spermaticorum
1249 1567 1329 1598 tam
1362 1559 1406 1598 in

136 1632 252 1668 mare,
286 1633 397 1673 quam
430 1619 614 1667 somena,
646 1618 750 1658 idem
783 1619 945 1659 omnino
978 1628 1081 1660 ortus
1102 1653 1113 1672 ‚
1147 1632 1190 1660 ac
1224 1621 1262 1659 in
1296 1620 1401 1660 huius

136 1684 282 1736 generis
310 1681 531 1721 animalibus
564 1679 641 1720 effe
674 1680 778 1721 solet.
869 1681 959 1723 Vasa
990 1682 1191 1723 deferentia
1227 1685 1265 1723 in
1299 1694 1408 1723 mare

135 1745 236 1786 reeta
268 1744 435 1784 desinunt
469 1744 505 1782 in
537 1743 676 1784 collum
712 1744 881 1797 vesicae,
930 1757 1005 1785 non
1041 1747 1078 1786 in
1122 1746 1298 1786 vesiculas
1346 1746 1408 1786 se-

139 1805 324 1857 minales,
366 1819 519 1859 quarum
553 1818 622 1847 nec
655 1806 851 1859 vestigium
871 1840 884 1860 ‚
932 1808 1023 1848 licet
1054 1809 1251 1862 diligenter
1284 1810 1407 1862 inqui-

139 1869 286 1911 fiuerim
305 1897 316 1917 ,
348 1868 625 1921 deprehendere
653 1869 766 1910 valui.
847 1870 957 1912 Penis
986 1870 1178 1912 officulum
1208 1872 1406 1921 condebat,

139 1933 197 1972 vti
246 1932 285 1970 in
335 1931 497 1970 canibus.
584 1932 730 1985 Vagina
760 1934 886 1985 vteri‚
936 1935 992 1974 vti
1025 1936 1175 1975 obtinet
1204 1937 1240 1975 in
1275 1936 1408 1988 quouis

137 1993 212 2034 fiere
242 2004 379 2046 pecore
398 2024 410 2044 ,
456 1994 493 2032 in
527 1994 604 2033 duo
634 1996 810 2036 diuiditur
841 2009 979 2039 cornua
999 2030 1010 2050 ,
1059 2011 1154 2052 quae
1187 1999 1324 2050 singula
1359 1999 1406 2038 ad

135 2055 308 2097 euntium
341 2054 391 2096 sui
420 2055 544 2096 lateris
574 2069 767 2115 pergunt3
806 2062 931 2102 ou'aria
965 2074 1060 2102 vero
1089 2073 1263 2102 vermem
1297 2073 1335 2100 m
1367 2058 1402 2099 se

203 2118 389 2176 [l'omN.
401 2121 506 2160 hou.
517 2117 636 2162 Com.
980 2121 1019 2165 Z
1034 2137 1057 2164 z
1303 2134 1400 2163 con-
