<?xml version="1.0" encoding="UTF-8"?>
<!DOCTYPE html PUBLIC "-//W3C//DTD XHTML 1.0 Transitional//EN"
    "http://www.w3.org/TR/xhtml1/DTD/xhtml1-transitional.dtd">
<html xmlns="http://www.w3.org/1999/xhtml" xml:lang="en" lang="en">
 <head>
  <title>
</title>
<meta http-equiv="Content-Type" content="text/html;charset=utf-8" />
  <meta name='ocr-system' content='tesseract 3.04.00' />
  <meta name='ocr-capabilities' content='ocr_page ocr_carea ocr_par ocr_line ocrx_word'/>
</head>
<body>
  <div class='ocr_page' id='page_1' title='image "./novicommentariac05impe_0490.png"; bbox 0 0 2062 2664; ppageno 0'>
   <div class='ocr_carea' id='block_1_1' title="bbox 605 188 1660 252">
    <p class='ocr_par' dir='ltr' id='par_1_1' title="bbox 605 188 1660 252">
     <span class='ocr_line' id='line_1_1' title="bbox 605 188 1660 252; baseline -0.011 -1"><span class='ocrx_word' id='word_1_1' title='bbox 605 201 695 252; x_wconf 61' lang='lat'>426</span> <span class='ocrx_word' id='word_1_2' title='bbox 829 192 1170 242; x_wconf 74' lang='lat' dir='ltr'><em>ERRORVM</em></span> <span class='ocrx_word' id='word_1_3' title='bbox 1225 188 1660 241; x_wconf 69' lang='lat' dir='ltr'><em>TABVLARVM</em></span> 
     </span>
    </p>
   </div>
   <div class='ocr_carea' id='block_1_2' title="bbox 568 309 1881 2183">
    <p class='ocr_par' dir='ltr' id='par_1_2' title="bbox 599 309 1880 807">
     <span class='ocr_line' id='line_1_2' title="bbox 600 309 1877 366; baseline 0 -14"><span class='ocrx_word' id='word_1_4' title='bbox 600 313 724 366; x_wconf 82' lang='lat' dir='ltr'>igitur,</span> <span class='ocrx_word' id='word_1_5' title='bbox 757 309 1017 353; x_wconf 84' lang='lat' dir='ltr'>Latitudinem</span> <span class='ocrx_word' id='word_1_6' title='bbox 1045 310 1174 351; x_wconf 83' lang='lat' dir='ltr'>Lunae</span> <span class='ocrx_word' id='word_1_7' title='bbox 1223 309 1548 350; x_wconf 72' lang='lat' dir='ltr'>determinandam</span> <span class='ocrx_word' id='word_1_8' title='bbox 1590 310 1636 350; x_wconf 84' lang='lat' dir='ltr'>ab</span> <span class='ocrx_word' id='word_1_9' title='bbox 1675 321 1799 351; x_wconf 87' lang='lat' dir='ltr'>errore</span> <span class='ocrx_word' id='word_1_10' title='bbox 1831 309 1877 353; x_wconf 72' lang='lat' dir='ltr'>itt.</span> 
     </span>
     <span class='ocr_line' id='line_1_3' title="bbox 600 371 1872 428; baseline -0.001 -12"><span class='ocrx_word' id='word_1_11' title='bbox 600 376 794 416; x_wconf 86' lang='lat' dir='ltr'>duratione</span> <span class='ocrx_word' id='word_1_12' title='bbox 827 374 1013 428; x_wconf 88' lang='lat' dir='ltr'>Eclipseos</span> <span class='ocrx_word' id='word_1_13' title='bbox 1047 371 1215 415; x_wconf 79' lang='lat' dir='ltr'>admiffo</span> <span class='ocrx_word' id='word_1_14' title='bbox 1244 373 1382 425; x_wconf 83' lang='lat' dir='ltr'>minus,</span> <span class='ocrx_word' id='word_1_15' title='bbox 1398 386 1513 427; x_wconf 80' lang='lat' dir='ltr'>quam</span> <span class='ocrx_word' id='word_1_16' title='bbox 1532 374 1578 414; x_wconf 80' lang='lat' dir='ltr'>ab</span> <span class='ocrx_word' id='word_1_17' title='bbox 1598 386 1721 413; x_wconf 84' lang='lat' dir='ltr'>errore</span> <span class='ocrx_word' id='word_1_18' title='bbox 1738 375 1803 427; x_wconf 89' lang='lat' dir='ltr'>qui</span> <span class='ocrx_word' id='word_1_19' title='bbox 1822 386 1872 415; x_wconf 83' lang='lat' dir='ltr'>ex</span> 
     </span>
     <span class='ocr_line' id='line_1_4' title="bbox 600 436 1873 489; baseline -0.001 -10"><span class='ocrx_word' id='word_1_20' title='bbox 600 451 752 480; x_wconf 76' lang='lat' dir='ltr'>erronea</span> <span class='ocrx_word' id='word_1_21' title='bbox 781 437 985 478; x_wconf 84' lang='lat' dir='ltr'>Diametro</span> <span class='ocrx_word' id='word_1_22' title='bbox 1024 436 1157 478; x_wconf 81' lang='lat' dir='ltr'>Lunae</span> <span class='ocrx_word' id='word_1_23' title='bbox 1188 448 1396 489; x_wconf 83' lang='lat' dir='ltr'>apparente</span> <span class='ocrx_word' id='word_1_24' title='bbox 1430 447 1558 477; x_wconf 91' lang='lat' dir='ltr'>ortum</span> <span class='ocrx_word' id='word_1_25' title='bbox 1591 438 1717 487; x_wconf 86' lang='lat' dir='ltr'>ducit,</span> <span class='ocrx_word' id='word_1_26' title='bbox 1761 437 1788 477; x_wconf 88' lang='lat' dir='ltr'>fi</span> <span class='ocrx_word' id='word_1_27' title='bbox 1817 449 1873 478; x_wconf 84' lang='lat' dir='ltr'>er-</span> 
     </span>
     <span class='ocr_line' id='line_1_5' title="bbox 600 498 1875 551; baseline 0 -9"><span class='ocrx_word' id='word_1_28' title='bbox 600 514 710 542; x_wconf 74' lang='lat' dir='ltr'>rores</span> <span class='ocrx_word' id='word_1_29' title='bbox 741 501 794 542; x_wconf 92' lang='lat' dir='ltr'>illi</span> <span class='ocrx_word' id='word_1_30' title='bbox 826 501 925 541; x_wconf 86' lang='lat' dir='ltr'>inter</span> <span class='ocrx_word' id='word_1_31' title='bbox 956 501 992 540; x_wconf 88' lang='lat' dir='ltr'>se</span> <span class='ocrx_word' id='word_1_32' title='bbox 1024 500 1161 540; x_wconf 75' lang='lat' dir='ltr'>fiierint</span> <span class='ocrx_word' id='word_1_33' title='bbox 1188 498 1380 551; x_wconf 85' lang='lat' dir='ltr'>aequales,</span> <span class='ocrx_word' id='word_1_34' title='bbox 1411 498 1526 540; x_wconf 83' lang='lat' dir='ltr'>affici.</span> <span class='ocrx_word' id='word_1_35' title='bbox 1588 498 1713 540; x_wconf 89' lang='lat' dir='ltr'>Simili</span> <span class='ocrx_word' id='word_1_36' title='bbox 1754 500 1875 542; x_wconf 87' lang='lat' dir='ltr'>modo</span> 
     </span>
     <span class='ocr_line' id='line_1_6' title="bbox 601 560 1880 617; baseline -0.002 -12"><span class='ocrx_word' id='word_1_37' title='bbox 601 565 852 617; x_wconf 81' lang='lat' dir='ltr'>intelligitur,</span> <span class='ocrx_word' id='word_1_38' title='bbox 887 575 1057 604; x_wconf 88' lang='lat' dir='ltr'>errorem.</span> <span class='ocrx_word' id='word_1_39' title='bbox 1090 563 1133 601; x_wconf 63' lang='lat' dir='ltr'>inv</span> <span class='ocrx_word' id='word_1_40' title='bbox 1163 560 1376 601; x_wconf 84' lang='lat' dir='ltr'>Latitudine</span> <span class='ocrx_word' id='word_1_41' title='bbox 1412 561 1542 603; x_wconf 81' lang='lat' dir='ltr'>Lunae</span> <span class='ocrx_word' id='word_1_42' title='bbox 1576 563 1791 603; x_wconf 79' lang='lat' dir='ltr'>definienda</span> <span class='ocrx_word' id='word_1_43' title='bbox 1823 574 1880 604; x_wconf 69' lang='lat' dir='ltr'>ex</span> 
     </span>
     <span class='ocr_line' id='line_1_7' title="bbox 601 625 1877 679; baseline 0.001 -12"><span class='ocrx_word' id='word_1_44' title='bbox 601 628 796 668; x_wconf 78' lang='lat' dir='ltr'>duratione</span> <span class='ocrx_word' id='word_1_45' title='bbox 835 626 1025 679; x_wconf 69' lang='lat' dir='ltr'>Eclipsteos</span> <span class='ocrx_word' id='word_1_46' title='bbox 1066 625 1194 664; x_wconf 80' lang='lat' dir='ltr'>minus</span> <span class='ocrx_word' id='word_1_47' title='bbox 1231 634 1399 665; x_wconf 83' lang='lat' dir='ltr'>accurate</span> <span class='ocrx_word' id='word_1_48' title='bbox 1450 627 1638 666; x_wconf 79' lang='lat' dir='ltr'>obseruata</span> <span class='ocrx_word' id='word_1_49' title='bbox 1688 627 1877 678; x_wconf 72' lang='lat' dir='ltr'>genitum,¹</span> 
     </span>
     <span class='ocr_line' id='line_1_8' title="bbox 599 686 1879 743; baseline 0 -13"><span class='ocrx_word' id='word_1_50' title='bbox 599 691 734 730; x_wconf 84' lang='lat' dir='ltr'>ceteris</span> <span class='ocrx_word' id='word_1_51' title='bbox 767 690 938 742; x_wconf 80' lang='lat' dir='ltr'>paribus,</span> <span class='ocrx_word' id='word_1_52' title='bbox 973 686 1245 729; x_wconf 80' lang='lat' dir='ltr'>notabiliorem</span> <span class='ocrx_word' id='word_1_53' title='bbox 1273 687 1348 728; x_wconf 84' lang='lat' dir='ltr'>effe</span> <span class='ocrx_word' id='word_1_54' title='bbox 1385 688 1430 729; x_wconf 86' lang='lat' dir='ltr'>in</span> <span class='ocrx_word' id='word_1_55' title='bbox 1476 690 1618 743; x_wconf 71' lang='lat' dir='ltr'>maguis</span> <span class='ocrx_word' id='word_1_56' title='bbox 1668 689 1879 743; x_wconf 73' lang='lat' dir='ltr'>Eclipfibus</span> 
     </span>
     <span class='ocr_line' id='line_1_9' title="bbox 599 752 1048 807; baseline -0.004 -14"><span class='ocrx_word' id='word_1_57' title='bbox 599 766 723 807; x_wconf 82' lang='lat' dir='ltr'>quam.</span> <span class='ocrx_word' id='word_1_58' title='bbox 748 755 790 794; x_wconf 85' lang='lat' dir='ltr'>in</span> <span class='ocrx_word' id='word_1_59' title='bbox 819 752 1048 794; x_wconf 82' lang='lat' dir='ltr'>minoribus.</span> 
     </span>
    </p>

    <p class='ocr_par' dir='ltr' id='par_1_3' title="bbox 712 815 1879 870">
     <span class='ocr_line' id='line_1_10' title="bbox 712 815 1879 870; baseline 0 -12"><span class='ocrx_word' id='word_1_60' title='bbox 712 816 877 858; x_wconf 76' lang='lat' dir='ltr'>Errores</span> <span class='ocrx_word' id='word_1_61' title='bbox 906 815 984 869; x_wconf 67' lang='lat' dir='ltr'>isti,</span> <span class='ocrx_word' id='word_1_62' title='bbox 1013 828 1175 870; x_wconf 85' lang='lat' dir='ltr'>quorum</span> <span class='ocrx_word' id='word_1_63' title='bbox 1205 815 1382 856; x_wconf 65' lang='lat' dir='ltr'>effestum</span> <span class='ocrx_word' id='word_1_64' title='bbox 1419 818 1458 856; x_wconf 92' lang='lat' dir='ltr'>in</span> <span class='ocrx_word' id='word_1_65' title='bbox 1491 816 1703 858; x_wconf 83' lang='lat' dir='ltr'>Latitudine</span> <span class='ocrx_word' id='word_1_66' title='bbox 1745 817 1879 859; x_wconf 70' lang='lat' dir='ltr'>Lunae</span> 
     </span>
    </p>

    <p class='ocr_par' dir='ltr' id='par_1_4' title="bbox 568 879 1881 2008">
     <span class='ocr_line' id='line_1_11' title="bbox 600 879 1879 933; baseline 0.001 -12"><span class='ocrx_word' id='word_1_67' title='bbox 600 892 655 921; x_wconf 83' lang='lat' dir='ltr'>ex</span> <span class='ocrx_word' id='word_1_68' title='bbox 686 880 1002 921; x_wconf 80' lang='lat' dir='ltr'>obseruationibus</span> <span class='ocrx_word' id='word_1_69' title='bbox 1048 879 1240 933; x_wconf 82' lang='lat' dir='ltr'>Eclipseos</span> <span class='ocrx_word' id='word_1_70' title='bbox 1290 879 1506 920; x_wconf 76' lang='lat' dir='ltr'>definienda</span> <span class='ocrx_word' id='word_1_71' title='bbox 1536 894 1633 921; x_wconf 87' lang='lat' dir='ltr'>nunc</span> <span class='ocrx_word' id='word_1_72' title='bbox 1667 881 1879 922; x_wconf 67' lang='lat' dir='ltr'>considera-</span> 
     </span>
     <span class='ocr_line' id='line_1_12' title="bbox 599 943 1881 996; baseline 0 -12"><span class='ocrx_word' id='word_1_73' title='bbox 599 944 737 995; x_wconf 71' lang='lat' dir='ltr'>vimus,</span> <span class='ocrx_word' id='word_1_74' title='bbox 766 943 897 984; x_wconf 87' lang='lat' dir='ltr'>multo</span> <span class='ocrx_word' id='word_1_75' title='bbox 926 945 1049 984; x_wconf 87' lang='lat' dir='ltr'>miuus</span> <span class='ocrx_word' id='word_1_76' title='bbox 1080 943 1248 983; x_wconf 81' lang='lat' dir='ltr'>afficiunt</span> <span class='ocrx_word' id='word_1_77' title='bbox 1280 943 1579 996; x_wconf 87' lang='lat' dir='ltr'>Longitudinem</span> <span class='ocrx_word' id='word_1_78' title='bbox 1614 944 1766 995; x_wconf 79' lang='lat' dir='ltr'>Lunae,</span> <span class='ocrx_word' id='word_1_79' title='bbox 1800 944 1881 984; x_wconf 69' lang='lat' dir='ltr'>siue</span> 
     </span>
     <span class='ocr_line' id='line_1_13' title="bbox 598 1005 1874 1060; baseline -0.001 -12"><span class='ocrx_word' id='word_1_80' title='bbox 598 1006 813 1048; x_wconf 82' lang='lat' dir='ltr'>distantiam</span> <span class='ocrx_word' id='word_1_81' title='bbox 843 1007 923 1047; x_wconf 83' lang='lat' dir='ltr'>eius</span> <span class='ocrx_word' id='word_1_82' title='bbox 954 1020 977 1047; x_wconf 84' lang='lat' dir='ltr'>a</span> <span class='ocrx_word' id='word_1_83' title='bbox 1008 1005 1294 1047; x_wconf 71' lang='lat' dir='ltr'>ConiunCtione</span> <span class='ocrx_word' id='word_1_84' title='bbox 1335 1017 1544 1060; x_wconf 78' lang='lat' dir='ltr'>apparente</span> <span class='ocrx_word' id='word_1_85' title='bbox 1585 1020 1673 1048; x_wconf 92' lang='lat' dir='ltr'>cum</span> <span class='ocrx_word' id='word_1_86' title='bbox 1708 1006 1801 1048; x_wconf 84' lang='lat' dir='ltr'>Sole</span> <span class='ocrx_word' id='word_1_87' title='bbox 1832 1008 1874 1047; x_wconf 88' lang='lat' dir='ltr'>in</span> 
     </span>
     <span class='ocr_line' id='line_1_14' title="bbox 595 1069 1875 1124; baseline -0.002 -11"><span class='ocrx_word' id='word_1_88' title='bbox 595 1070 783 1124; x_wconf 77' lang='lat' dir='ltr'>Ecliptica</span> <span class='ocrx_word' id='word_1_89' title='bbox 811 1081 867 1111; x_wconf 79' lang='lat' dir='ltr'>ex</span> <span class='ocrx_word' id='word_1_90' title='bbox 895 1070 1029 1111; x_wconf 88' lang='lat' dir='ltr'>iisdem</span> <span class='ocrx_word' id='word_1_91' title='bbox 1064 1070 1381 1110; x_wconf 76' lang='lat' dir='ltr'>obseruationibus</span> <span class='ocrx_word' id='word_1_92' title='bbox 1411 1070 1666 1111; x_wconf 80' lang='lat' dir='ltr'>deducendam</span> <span class='ocrx_word' id='word_1_93' title='bbox 1681 1084 1697 1124; x_wconf 45' lang='lat'>32</span> <span class='ocrx_word' id='word_1_94' title='bbox 1730 1069 1875 1111; x_wconf 87' lang='lat' dir='ltr'>etenim</span> 
     </span>
     <span class='ocr_line' id='line_1_15' title="bbox 592 1131 1875 1187; baseline -0.001 -11"><span class='ocrx_word' id='word_1_95' title='bbox 592 1134 798 1176; x_wconf 87' lang='lat' dir='ltr'>dimidium</span> <span class='ocrx_word' id='word_1_96' title='bbox 833 1142 983 1175; x_wconf 83' lang='lat' dir='ltr'>tantum</span> <span class='ocrx_word' id='word_1_97' title='bbox 1015 1134 1155 1174; x_wconf 78' lang='lat' dir='ltr'>erroris</span> <span class='ocrx_word' id='word_1_98' title='bbox 1181 1134 1224 1173; x_wconf 88' lang='lat' dir='ltr'>in</span> <span class='ocrx_word' id='word_1_99' title='bbox 1255 1144 1365 1174; x_wconf 90' lang='lat' dir='ltr'>motu</span> <span class='ocrx_word' id='word_1_100' title='bbox 1398 1131 1530 1174; x_wconf 80' lang='lat' dir='ltr'>Lunae</span> <span class='ocrx_word' id='word_1_101' title='bbox 1563 1143 1768 1187; x_wconf 79' lang='lat' dir='ltr'>apparente</span> <span class='ocrx_word' id='word_1_102' title='bbox 1805 1134 1875 1175; x_wconf 83' lang='lat' dir='ltr'>du-</span> 
     </span>
     <span class='ocr_line' id='line_1_16' title="bbox 594 1196 1874 1251; baseline -0.002 -13"><span class='ocrx_word' id='word_1_103' title='bbox 594 1198 732 1239; x_wconf 81' lang='lat' dir='ltr'>rationi</span> <span class='ocrx_word' id='word_1_104' title='bbox 765 1197 959 1250; x_wconf 75' lang='lat' dir='ltr'>Eclipseos</span> <span class='ocrx_word' id='word_1_105' title='bbox 1003 1196 1254 1251; x_wconf 84' lang='lat' dir='ltr'>respondente</span> <span class='ocrx_word' id='word_1_106' title='bbox 1286 1196 1428 1237; x_wconf 80' lang='lat' dir='ltr'>admiffi</span> <span class='ocrx_word' id='word_1_107' title='bbox 1461 1197 1608 1237; x_wconf 86' lang='lat' dir='ltr'>circiter</span> <span class='ocrx_word' id='word_1_108' title='bbox 1661 1197 1701 1236; x_wconf 84' lang='lat' dir='ltr'>in</span> <span class='ocrx_word' id='word_1_109' title='bbox 1731 1197 1874 1247; x_wconf 77' lang='lat' dir='ltr'>Longi-</span> 
     </span>
     <span class='ocr_line' id='line_1_17' title="bbox 592 1257 1876 1312; baseline -0.003 -11"><span class='ocrx_word' id='word_1_110' title='bbox 592 1260 771 1302; x_wconf 86' lang='lat' dir='ltr'>tudinem.</span> <span class='ocrx_word' id='word_1_111' title='bbox 802 1260 934 1300; x_wconf 79' lang='lat' dir='ltr'>Lunae</span> <span class='ocrx_word' id='word_1_112' title='bbox 957 1293 968 1312; x_wconf 84' lang='lat'>‚</span> <span class='ocrx_word' id='word_1_113' title='bbox 1001 1261 1076 1300; x_wconf 80' lang='lat' dir='ltr'>siue</span> <span class='ocrx_word' id='word_1_114' title='bbox 1107 1261 1153 1299; x_wconf 88' lang='lat' dir='ltr'>in</span> <span class='ocrx_word' id='word_1_115' title='bbox 1181 1259 1398 1299; x_wconf 80' lang='lat' dir='ltr'>distantiam</span> <span class='ocrx_word' id='word_1_116' title='bbox 1430 1259 1509 1297; x_wconf 88' lang='lat' dir='ltr'>eius</span> <span class='ocrx_word' id='word_1_117' title='bbox 1540 1271 1561 1296; x_wconf 86' lang='lat' dir='ltr'>a</span> <span class='ocrx_word' id='word_1_118' title='bbox 1594 1257 1876 1297; x_wconf 66' lang='lat' dir='ltr'>Coniundtione</span> 
     </span>
     <span class='ocr_line' id='line_1_18' title="bbox 593 1318 1868 1377; baseline -0.002 -13"><span class='ocrx_word' id='word_1_119' title='bbox 593 1332 798 1377; x_wconf 77' lang='lat' dir='ltr'>apparente</span> <span class='ocrx_word' id='word_1_120' title='bbox 844 1335 935 1363; x_wconf 89' lang='lat' dir='ltr'>cum</span> <span class='ocrx_word' id='word_1_121' title='bbox 990 1321 1083 1365; x_wconf 84' lang='lat' dir='ltr'>Sole</span> <span class='ocrx_word' id='word_1_122' title='bbox 1114 1323 1150 1361; x_wconf 91' lang='lat' dir='ltr'>in</span> <span class='ocrx_word' id='word_1_123' title='bbox 1182 1321 1374 1373; x_wconf 78' lang='lat' dir='ltr'>Ecli&#39;ptica</span> <span class='ocrx_word' id='word_1_124' title='bbox 1402 1318 1725 1359; x_wconf 81' lang='lat' dir='ltr'>determinandam</span> <span class='ocrx_word' id='word_1_125' title='bbox 1758 1321 1868 1361; x_wconf 80' lang='lat' dir='ltr'>cadit.</span> 
     </span>
     <span class='ocr_line' id='line_1_19' title="bbox 591 1381 1869 1433; baseline -0.003 -6"><span class='ocrx_word' id='word_1_126' title='bbox 591 1384 720 1428; x_wconf 86' lang='lat' dir='ltr'>Simili</span> <span class='ocrx_word' id='word_1_127' title='bbox 751 1385 875 1425; x_wconf 86' lang='lat' dir='ltr'>modo</span> <span class='ocrx_word' id='word_1_128' title='bbox 905 1385 1007 1426; x_wconf 82' lang='lat' dir='ltr'>haud.</span> <span class='ocrx_word' id='word_1_129' title='bbox 1036 1382 1237 1424; x_wconf 83' lang='lat' dir='ltr'>difficulter</span> <span class='ocrx_word' id='word_1_130' title='bbox 1268 1381 1513 1433; x_wconf 73' lang='lat' dir='ltr'>intelligitur,¹</span> <span class='ocrx_word' id='word_1_131' title='bbox 1557 1381 1587 1421; x_wconf 78' lang='lat' dir='ltr'>si.</span> <span class='ocrx_word' id='word_1_132' title='bbox 1635 1381 1766 1422; x_wconf 86' lang='lat' dir='ltr'>semita</span> <span class='ocrx_word' id='word_1_133' title='bbox 1796 1382 1869 1423; x_wconf 79' lang='lat' dir='ltr'>Lu-</span> 
     </span>
     <span class='ocr_line' id='line_1_20' title="bbox 593 1441 1872 1502; baseline -0.002 -14"><span class='ocrx_word' id='word_1_134' title='bbox 593 1461 666 1489; x_wconf 85' lang='lat' dir='ltr'>nae·</span> <span class='ocrx_word' id='word_1_135' title='bbox 694 1460 875 1502; x_wconf 83' lang='lat' dir='ltr'>apparens</span> <span class='ocrx_word' id='word_1_136' title='bbox 906 1447 956 1487; x_wconf 75' lang='lat' dir='ltr'>ad</span> <span class='ocrx_word' id='word_1_137' title='bbox 986 1446 1217 1498; x_wconf 82' lang='lat' dir='ltr'>Eclipticam</span> <span class='ocrx_word' id='word_1_138' title='bbox 1248 1456 1330 1484; x_wconf 89' lang='lat' dir='ltr'>non</span> <span class='ocrx_word' id='word_1_139' title='bbox 1360 1441 1473 1482; x_wconf 86' lang='lat' dir='ltr'>fuerit</span> <span class='ocrx_word' id='word_1_140' title='bbox 1502 1441 1678 1484; x_wconf 72' lang='lat' dir='ltr'>inclinata</span> <span class='ocrx_word' id='word_1_141' title='bbox 1697 1473 1708 1494; x_wconf 85' lang='lat'><strong>‚</strong></span> <span class='ocrx_word' id='word_1_142' title='bbox 1761 1444 1872 1486; x_wconf 83' lang='lat' dir='ltr'>Lon·-</span> 
     </span>
     <span class='ocr_line' id='line_1_21' title="bbox 591 1505 1872 1564; baseline -0.004 -14"><span class='ocrx_word' id='word_1_143' title='bbox 591 1512 808 1564; x_wconf 78' lang='lat' dir='ltr'>gitudinem·</span> <span class='ocrx_word' id='word_1_144' title='bbox 837 1509 968 1549; x_wconf 86' lang='lat' dir='ltr'>Lunae</span> <span class='ocrx_word' id='word_1_145' title='bbox 1002 1519 1056 1547; x_wconf 83' lang='lat' dir='ltr'>ex</span> <span class='ocrx_word' id='word_1_146' title='bbox 1086 1507 1275 1546; x_wconf 83' lang='lat' dir='ltr'>obseruata</span> <span class='ocrx_word' id='word_1_147' title='bbox 1306 1505 1448 1558; x_wconf 79' lang='lat' dir='ltr'>Eclipsi</span> <span class='ocrx_word' id='word_1_148' title='bbox 1479 1509 1701 1559; x_wconf 72' lang='lat' dir='ltr'>eruendum,¹</span> <span class='ocrx_word' id='word_1_149' title='bbox 1731 1508 1779 1548; x_wconf 84' lang='lat' dir='ltr'>ab</span> <span class='ocrx_word' id='word_1_150' title='bbox 1810 1521 1872 1550; x_wconf 83' lang='lat' dir='ltr'>er..</span> 
     </span>
     <span class='ocr_line' id='line_1_22' title="bbox 591 1569 1873 1622; baseline -0.002 -8"><span class='ocrx_word' id='word_1_151' title='bbox 591 1585 676 1615; x_wconf 82' lang='lat' dir='ltr'>rore</span> <span class='ocrx_word' id='word_1_152' title='bbox 711 1574 748 1613; x_wconf 90' lang='lat' dir='ltr'>in</span> <span class='ocrx_word' id='word_1_153' title='bbox 779 1571 985 1612; x_wconf 84' lang='lat' dir='ltr'>Diametro</span> <span class='ocrx_word' id='word_1_154' title='bbox 1015 1569 1145 1611; x_wconf 81' lang='lat' dir='ltr'>Lunae</span> <span class='ocrx_word' id='word_1_155' title='bbox 1176 1577 1378 1622; x_wconf 79' lang='lat' dir='ltr'>apparente</span> <span class='ocrx_word' id='word_1_156' title='bbox 1405 1569 1568 1609; x_wconf 79' lang='lat' dir='ltr'>admisso</span> <span class='ocrx_word' id='word_1_157' title='bbox 1596 1572 1760 1610; x_wconf 85' lang='lat' dir='ltr'>omnino</span> <span class='ocrx_word' id='word_1_158' title='bbox 1789 1584 1873 1612; x_wconf 73' lang='lat' dir='ltr'>nom</span> 
     </span>
     <span class='ocr_line' id='line_1_23' title="bbox 568 1631 1870 1687; baseline -0.001 -10"><span class='ocrx_word' id='word_1_159' title='bbox 568 1637 754 1685; x_wconf 54' lang='lat' dir='ltr'>‚varlarh</span> <span class='ocrx_word' id='word_1_160' title='bbox 804 1632 905 1676; x_wconf 89' lang='lat' dir='ltr'>Cum</span> <span class='ocrx_word' id='word_1_161' title='bbox 956 1646 1054 1675; x_wconf 77' lang='lat' dir='ltr'>vero</span> <span class='ocrx_word' id='word_1_162' title='bbox 1102 1632 1237 1674; x_wconf 82' lang='lat' dir='ltr'>semita</span> <span class='ocrx_word' id='word_1_163' title='bbox 1288 1631 1353 1672; x_wconf 75' lang='lat' dir='ltr'>illa</span> <span class='ocrx_word' id='word_1_164' title='bbox 1399 1631 1527 1672; x_wconf 81' lang='lat' dir='ltr'>Lunae</span> <span class='ocrx_word' id='word_1_165' title='bbox 1558 1634 1607 1673; x_wconf 86' lang='lat' dir='ltr'>ad</span> <span class='ocrx_word' id='word_1_166' title='bbox 1637 1634 1870 1687; x_wconf 77' lang='lat' dir='ltr'>Eclipticam</span> 
     </span>
     <span class='ocr_line' id='line_1_24' title="bbox 591 1694 1869 1752; baseline -0.001 -12"><span class='ocrx_word' id='word_1_167' title='bbox 591 1698 822 1752; x_wconf 72' lang='lat' dir='ltr'>aliquantum</span> <span class='ocrx_word' id='word_1_168' title='bbox 874 1697 922 1738; x_wconf 84' lang='lat' dir='ltr'>fit.</span> <span class='ocrx_word' id='word_1_169' title='bbox 950 1698 1125 1738; x_wconf 85' lang='lat' dir='ltr'>inclinata</span> <span class='ocrx_word' id='word_1_170' title='bbox 1145 1729 1156 1749; x_wconf 83' lang='grc'>,</span> <span class='ocrx_word' id='word_1_171' title='bbox 1194 1707 1300 1736; x_wconf 88' lang='lat' dir='ltr'>error</span> <span class='ocrx_word' id='word_1_172' title='bbox 1331 1696 1369 1736; x_wconf 90' lang='lat' dir='ltr'>in</span> <span class='ocrx_word' id='word_1_173' title='bbox 1399 1694 1606 1735; x_wconf 83' lang='lat' dir='ltr'>Diametro</span> <span class='ocrx_word' id='word_1_174' title='bbox 1638 1695 1771 1738; x_wconf 84' lang='lat' dir='ltr'>Lunae</span> <span class='ocrx_word' id='word_1_175' title='bbox 1799 1712 1869 1752; x_wconf 82' lang='lat' dir='ltr'>ap-</span> 
     </span>
     <span class='ocr_line' id='line_1_25' title="bbox 593 1759 1870 1817; baseline 0 -14"><span class='ocrx_word' id='word_1_176' title='bbox 593 1772 747 1817; x_wconf 81' lang='lat' dir='ltr'>parente</span> <span class='ocrx_word' id='word_1_177' title='bbox 775 1759 960 1803; x_wconf 75' lang='lat' dir='ltr'>admiffus</span> <span class='ocrx_word' id='word_1_178' title='bbox 974 1760 1123 1815; x_wconf 87' lang='lat' dir='ltr'>oppido</span> <span class='ocrx_word' id='word_1_179' title='bbox 1142 1759 1324 1811; x_wconf 84' lang='lat' dir='ltr'>exiguum</span> <span class='ocrx_word' id='word_1_180' title='bbox 1345 1760 1548 1812; x_wconf 83' lang='lat' dir='ltr'>producere</span> <span class='ocrx_word' id='word_1_181' title='bbox 1568 1759 1668 1799; x_wconf 81' lang='lat' dir='ltr'>valet</span> <span class='ocrx_word' id='word_1_182' title='bbox 1694 1772 1870 1803; x_wconf 81' lang='lat' dir='ltr'>errorem.</span> 
     </span>
     <span class='ocr_line' id='line_1_26' title="bbox 592 1822 1867 1879; baseline -0.002 -11"><span class='ocrx_word' id='word_1_183' title='bbox 592 1825 633 1868; x_wconf 88' lang='lat' dir='ltr'>in</span> <span class='ocrx_word' id='word_1_184' title='bbox 667 1823 923 1879; x_wconf 78' lang='lat' dir='ltr'>Longitudine</span> <span class='ocrx_word' id='word_1_185' title='bbox 953 1823 1086 1865; x_wconf 74' lang='lat' dir='ltr'>Lunae</span> <span class='ocrx_word' id='word_1_186' title='bbox 1126 1835 1178 1863; x_wconf 83' lang='lat' dir='ltr'>ex</span> <span class='ocrx_word' id='word_1_187' title='bbox 1209 1823 1409 1864; x_wconf 46' lang='lat' dir='ltr'>obseruatis·¹</span> <span class='ocrx_word' id='word_1_188' title='bbox 1437 1822 1632 1876; x_wconf 86' lang='lat' dir='ltr'>Eclipseos</span> <span class='ocrx_word' id='word_1_189' title='bbox 1680 1824 1867 1865; x_wconf 87' lang='lat' dir='ltr'>deducen-</span> 
     </span>
     <span class='ocr_line' id='line_1_27' title="bbox 591 1886 1871 1942; baseline -0.001 -12"><span class='ocrx_word' id='word_1_190' title='bbox 591 1888 639 1930; x_wconf 82' lang='lat' dir='ltr'>da</span> <span class='ocrx_word' id='word_1_191' title='bbox 660 1919 675 1940; x_wconf 56' lang='lat'>‚,</span> <span class='ocrx_word' id='word_1_192' title='bbox 719 1890 781 1942; x_wconf 91' lang='lat' dir='ltr'>qui</span> <span class='ocrx_word' id='word_1_193' title='bbox 813 1900 942 1929; x_wconf 85' lang='lat' dir='ltr'>tamen</span> <span class='ocrx_word' id='word_1_194' title='bbox 990 1887 1103 1941; x_wconf 85' lang='lat' dir='ltr'>paulo</span> <span class='ocrx_word' id='word_1_195' title='bbox 1144 1886 1271 1926; x_wconf 80' lang='lat' dir='ltr'>maior</span> <span class='ocrx_word' id='word_1_196' title='bbox 1308 1887 1462 1929; x_wconf 81' lang='lat' dir='ltr'>euadere</span> <span class='ocrx_word' id='word_1_197' title='bbox 1492 1886 1618 1941; x_wconf 85' lang='lat' dir='ltr'>potest</span> <span class='ocrx_word' id='word_1_198' title='bbox 1648 1886 1688 1927; x_wconf 89' lang='lat' dir='ltr'>in</span> <span class='ocrx_word' id='word_1_199' title='bbox 1721 1888 1871 1941; x_wconf 78' lang='lat' dir='ltr'>magnis</span> 
     </span>
     <span class='ocr_line' id='line_1_28' title="bbox 591 1950 1283 2008; baseline -0.007 -14"><span class='ocrx_word' id='word_1_200' title='bbox 591 1950 814 2008; x_wconf 86' lang='lat' dir='ltr'>Eclipfibus,</span> <span class='ocrx_word' id='word_1_201' title='bbox 846 1963 960 2005; x_wconf 81' lang='lat' dir='ltr'>quam</span> <span class='ocrx_word' id='word_1_202' title='bbox 991 1951 1030 1990; x_wconf 91' lang='lat' dir='ltr'>in</span> <span class='ocrx_word' id='word_1_203' title='bbox 1062 1950 1283 1990; x_wconf 71' lang='lat' dir='ltr'>minoribus.</span> 
     </span>
    </p>

    <p class='ocr_par' dir='ltr' id='par_1_5' title="bbox 585 2013 1868 2138">
     <span class='ocr_line' id='line_1_29' title="bbox 706 2013 1862 2070; baseline -0.001 -12"><span class='ocrx_word' id='word_1_204' title='bbox 706 2016 773 2058; x_wconf 84' lang='lat' dir='ltr'>Ex</span> <span class='ocrx_word' id='word_1_205' title='bbox 806 2014 903 2056; x_wconf 90' lang='lat' dir='ltr'>hisce</span> <span class='ocrx_word' id='word_1_206' title='bbox 937 2013 1246 2056; x_wconf 83' lang='lat' dir='ltr'>meditationibus</span> <span class='ocrx_word' id='word_1_207' title='bbox 1278 2014 1484 2068; x_wconf 82' lang='lat' dir='ltr'>colligitur,</span> <span class='ocrx_word' id='word_1_208' title='bbox 1517 2014 1557 2053; x_wconf 91' lang='lat' dir='ltr'>in·</span> <span class='ocrx_word' id='word_1_209' title='bbox 1588 2023 1755 2055; x_wconf 79' lang='lat' dir='ltr'>accurata</span> <span class='ocrx_word' id='word_1_210' title='bbox 1796 2029 1862 2070; x_wconf 84' lang='lat' dir='ltr'>ap·</span> 
     </span>
     <span class='ocr_line' id='line_1_30' title="bbox 585 2075 1868 2138; baseline -0.005 -16"><span class='ocrx_word' id='word_1_211' title='bbox 585 2080 757 2138; x_wconf 65' lang='lat' dir='ltr'>parentiS</span> <span class='ocrx_word' id='word_1_212' title='bbox 799 2076 1009 2122; x_wconf 81' lang='lat' dir='ltr'>Diametri·</span> <span class='ocrx_word' id='word_1_213' title='bbox 1047 2075 1207 2118; x_wconf 74' lang='lat' dir='ltr'>Lunaris</span> <span class='ocrx_word' id='word_1_214' title='bbox 1257 2076 1519 2119; x_wconf 83' lang='lat' dir='ltr'>obseruatione</span> <span class='ocrx_word' id='word_1_215' title='bbox 1551 2079 1599 2119; x_wconf 85' lang='lat' dir='ltr'>ad</span> <span class='ocrx_word' id='word_1_216' title='bbox 1629 2077 1868 2120; x_wconf 78' lang='lat' dir='ltr'>Tabularum</span> 
     </span>
    </p>

    <p class='ocr_par' dir='ltr' id='par_1_6' title="bbox 1738 2141 1869 2183">
     <span class='ocr_line' id='line_1_31' title="bbox 1738 2141 1869 2183; baseline 0.008 -1"><span class='ocrx_word' id='word_1_217' title='bbox 1738 2141 1869 2183; x_wconf 76' lang='lat' dir='ltr'>Luna-</span> 
     </span>
    </p>
   </div>
  </div>
 </body>
</html>
