<?xml version="1.0" encoding="UTF-8"?>
<!DOCTYPE html PUBLIC "-//W3C//DTD XHTML 1.0 Transitional//EN"
    "http://www.w3.org/TR/xhtml1/DTD/xhtml1-transitional.dtd">
<html xmlns="http://www.w3.org/1999/xhtml" xml:lang="en" lang="en">
 <head>
  <title>
</title>
<meta http-equiv="Content-Type" content="text/html;charset=utf-8" />
  <meta name='ocr-system' content='tesseract 3.04.00' />
  <meta name='ocr-capabilities' content='ocr_page ocr_carea ocr_par ocr_line ocrx_word'/>
</head>
<body>
  <div class='ocr_page' id='page_1' title='image "./novicommentariac05impe_0057.png"; bbox 0 0 2062 2664; ppageno 0'>
   <div class='ocr_carea' id='block_1_1' title="bbox 396 189 1360 207">
    <p class='ocr_par' dir='ltr' id='par_1_1' title="bbox 396 189 1360 207">
     <span class='ocr_line' id='line_1_1' title="bbox 396 189 1360 207; baseline 0 2457"><span class='ocrx_word' id='word_1_1' title='bbox 396 189 1360 207; x_wconf 95' lang='lat' dir='ltr'> </span> 
     </span>
    </p>
   </div>
   <div class='ocr_carea' id='block_1_2' title="bbox 460 268 1104 312">
    <p class='ocr_par' dir='ltr' id='par_1_2' title="bbox 460 268 1104 312">
     <span class='ocr_line' id='line_1_2' title="bbox 460 268 1104 312; baseline -0.002 0"><span class='ocrx_word' id='word_1_2' title='bbox 460 270 617 312; x_wconf 81' lang='lat' dir='ltr'>DEN</span> <span class='ocrx_word' id='word_1_3' title='bbox 638 268 1104 312; x_wconf 68' lang='lat' dir='ltr'><strong>ONSTRATIO</strong></span> 
     </span>
    </p>
   </div>
   <div class='ocr_carea' id='block_1_3' title="bbox 154 344 1408 410">
    <p class='ocr_par' dir='ltr' id='par_1_3' title="bbox 154 344 1408 410">
     <span class='ocr_line' id='line_1_3' title="bbox 154 344 1408 410; baseline 0 -2"><span class='ocrx_word' id='word_1_4' title='bbox 154 345 682 410; x_wconf 65' lang='lat' dir='ltr'>THEOREMA&#39;</span> <span class='ocrx_word' id='word_1_5' title='bbox 686 345 805 402; x_wconf 60' lang='lat' dir='ltr'>NS</span> <span class='ocrx_word' id='word_1_6' title='bbox 850 344 1408 409; x_wconf 60' lang='lat' dir='ltr'>FERMATIANR</span> 
     </span>
    </p>
   </div>
   <div class='ocr_carea' id='block_1_4' title="bbox 150 430 1412 548">
    <p class='ocr_par' dir='ltr' id='par_1_4' title="bbox 150 430 1412 548">
     <span class='ocr_line' id='line_1_4' title="bbox 150 430 1412 483; baseline -0.005 -5"><span class='ocrx_word' id='word_1_7' title='bbox 150 435 362 478; x_wconf 62' lang='lat' dir='ltr'>OMNEM</span> <span class='ocrx_word' id='word_1_8' title='bbox 400 433 631 475; x_wconf 51' lang='lat' dir='ltr'>&amp;mxima</span> <span class='ocrx_word' id='word_1_9' title='bbox 635 433 693 472; x_wconf 70' lang='lat' dir='ltr'>M</span> <span class='ocrx_word' id='word_1_10' title='bbox 726 431 949 474; x_wconf 70' lang='lat' dir='ltr'>PRIMVM</span> <span class='ocrx_word' id='word_1_11' title='bbox 986 430 1222 473; x_wconf 74' lang='lat' dir='ltr'><strong>FORMAE</strong></span> <span class='ocrx_word' id='word_1_12' title='bbox 1258 443 1412 483; x_wconf 53' lang='grc' dir='ltr'>ιρι-μς</span> 
     </span>
     <span class='ocr_line' id='line_1_5' title="bbox 181 493 1384 548; baseline -0.005 -7"><span class='ocrx_word' id='word_1_13' title='bbox 181 499 310 541; x_wconf 83' lang='lat' dir='ltr'>ESSE</span> <span class='ocrx_word' id='word_1_14' title='bbox 343 496 598 538; x_wconf 76' lang='lat' dir='ltr'>SVMMAM</span> <span class='ocrx_word' id='word_1_15' title='bbox 631 494 880 536; x_wconf 70' lang='lat' dir='ltr'>DVORVM</span> <span class='ocrx_word' id='word_1_16' title='bbox 916 493 1384 548; x_wconf 62' lang='lat' dir='ltr'><strong>QVADRATORVM</strong></span> 
     </span>
    </p>
   </div>
   <div class='ocr_carea' id='block_1_5' title="bbox 402 599 1162 731">
    <p class='ocr_par' dir='ltr' id='par_1_5' title="bbox 402 599 1162 731">
     <span class='ocr_line' id='line_1_6' title="bbox 402 599 1162 640; baseline -0.004 0"><span class='ocrx_word' id='word_1_17' title='bbox 402 601 636 640; x_wconf 73' lang='lat' dir='ltr'><strong>AVCTORE</strong></span> <span class='ocrx_word' id='word_1_18' title='bbox 661 600 937 638; x_wconf 81' lang='lat' dir='ltr'>LEONARDO</span> <span class='ocrx_word' id='word_1_19' title='bbox 965 599 1162 638; x_wconf 83' lang='lat' dir='ltr'><em>EVLERO</em></span> 
     </span>
     <span class='ocr_line' id='line_1_7' title="bbox 707 684 849 731; baseline 0.014 -6"><span class='ocrx_word' id='word_1_20' title='bbox 707 684 742 731; x_wconf 68' lang='grc' dir='ltr'>ξ.</span> <span class='ocrx_word' id='word_1_21' title='bbox 810 701 849 727; x_wconf 88' lang='lat'>1.</span> 
     </span>
    </p>
   </div>
   <div class='ocr_carea' id='block_1_6' title="bbox 141 780 1418 2193">
    <p class='ocr_par' dir='ltr' id='par_1_6' title="bbox 298 780 1417 837">
     <span class='ocr_line' id='line_1_8' title="bbox 298 780 1417 837; baseline 0.003 -16"><span class='ocrx_word' id='word_1_22' title='bbox 298 794 361 822; x_wconf 89' lang='lat' dir='ltr'>um</span> <span class='ocrx_word' id='word_1_23' title='bbox 408 795 528 836; x_wconf 84' lang='lat' dir='ltr'>nuper</span> <span class='ocrx_word' id='word_1_24' title='bbox 561 795 625 823; x_wconf 81' lang='lat' dir='ltr'>eos</span> <span class='ocrx_word' id='word_1_25' title='bbox 659 783 773 823; x_wconf 84' lang='lat' dir='ltr'>effem</span> <span class='ocrx_word' id='word_1_26' title='bbox 809 780 1085 835; x_wconf 72' lang='lat' dir='ltr'>contemplatus</span> <span class='ocrx_word' id='word_1_27' title='bbox 1116 794 1310 835; x_wconf 74' lang='lat' dir='ltr'>numeros,</span> <span class='ocrx_word' id='word_1_28' title='bbox 1351 784 1417 837; x_wconf 89' lang='lat' dir='ltr'>qui</span> 
     </span>
    </p>

    <p class='ocr_par' dir='ltr' id='par_1_7' title="bbox 325 846 1418 898">
     <span class='ocr_line' id='line_1_9' title="bbox 325 846 1418 898; baseline 0.001 -13"><span class='ocrx_word' id='word_1_29' title='bbox 325 857 377 885; x_wconf 85' lang='lat' dir='ltr'>ex</span> <span class='ocrx_word' id='word_1_30' title='bbox 413 847 604 886; x_wconf 77' lang='lat' dir='ltr'>additione</span> <span class='ocrx_word' id='word_1_31' title='bbox 637 847 799 886; x_wconf 84' lang='lat' dir='ltr'>duorum</span> <span class='ocrx_word' id='word_1_32' title='bbox 828 846 1090 897; x_wconf 78' lang='lat' dir='ltr'>quadratorum</span> <span class='ocrx_word' id='word_1_33' title='bbox 1116 846 1298 896; x_wconf 89' lang='lat' dir='ltr'>oriuntur,</span> <span class='ocrx_word' id='word_1_34' title='bbox 1330 846 1418 898; x_wconf 80' lang='lat' dir='ltr'>plu-</span> 
     </span>
    </p>

    <p class='ocr_par' dir='ltr' id='par_1_8' title="bbox 326 906 1417 962">
     <span class='ocr_line' id='line_1_10' title="bbox 326 906 1417 962; baseline 0 -14"><span class='ocrx_word' id='word_1_35' title='bbox 326 920 385 949; x_wconf 84' lang='lat' dir='ltr'>res</span> <span class='ocrx_word' id='word_1_36' title='bbox 409 909 659 950; x_wconf 77' lang='lat' dir='ltr'>demonstraui</span> <span class='ocrx_word' id='word_1_37' title='bbox 687 907 952 962; x_wconf 85' lang='lat' dir='ltr'>proprietates,</span> <span class='ocrx_word' id='word_1_38' title='bbox 984 906 1116 959; x_wconf 83' lang='lat' dir='ltr'>quibus</span> <span class='ocrx_word' id='word_1_39' title='bbox 1147 907 1238 946; x_wconf 83' lang='lat' dir='ltr'>tales</span> <span class='ocrx_word' id='word_1_40' title='bbox 1268 909 1417 948; x_wconf 84' lang='lat' dir='ltr'>numeri</span> 
     </span>
    </p>

    <p class='ocr_par' dir='ltr' id='par_1_9' title="bbox 141 965 1418 2193">
     <span class='ocr_line' id='line_1_11' title="bbox 142 965 1416 1026; baseline 0.003 -20"><span class='ocrx_word' id='word_1_41' title='bbox 142 965 223 1007; x_wconf 91' lang='lat' dir='ltr'>sunt</span> <span class='ocrx_word' id='word_1_42' title='bbox 254 972 430 1021; x_wconf 81' lang='lat' dir='ltr'>praediti:</span> <span class='ocrx_word' id='word_1_43' title='bbox 476 985 596 1026; x_wconf 87' lang='lat' dir='ltr'>neque</span> <span class='ocrx_word' id='word_1_44' title='bbox 630 981 759 1011; x_wconf 80' lang='lat' dir='ltr'>tamen</span> <span class='ocrx_word' id='word_1_45' title='bbox 791 981 894 1010; x_wconf 84' lang='lat' dir='ltr'>meas</span> <span class='ocrx_word' id='word_1_46' title='bbox 931 968 1194 1009; x_wconf 80' lang='lat' dir='ltr'>meditationes</span> <span class='ocrx_word' id='word_1_47' title='bbox 1225 980 1273 1007; x_wconf 90' lang='lat' dir='ltr'>eo</span> <span class='ocrx_word' id='word_1_48' title='bbox 1301 980 1416 1021; x_wconf 76' lang='lat' dir='ltr'>vsque</span> 
     </span>
     <span class='ocr_line' id='line_1_12' title="bbox 143 1030 1418 1085; baseline 0.002 -16"><span class='ocrx_word' id='word_1_49' title='bbox 143 1031 339 1083; x_wconf 80' lang='lat' dir='ltr'><strong>perducere</strong></span> <span class='ocrx_word' id='word_1_50' title='bbox 379 1034 501 1085; x_wconf 82' lang='lat' dir='ltr'>licuit,</span> <span class='ocrx_word' id='word_1_51' title='bbox 541 1045 584 1074; x_wconf 79' lang='lat' dir='ltr'>vt</span> <span class='ocrx_word' id='word_1_52' title='bbox 616 1034 723 1074; x_wconf 82' lang='lat' dir='ltr'>huius</span> <span class='ocrx_word' id='word_1_53' title='bbox 755 1032 1022 1082; x_wconf 76' lang='lat' dir='ltr'>theorematis,</span> <span class='ocrx_word' id='word_1_54' title='bbox 1057 1031 1161 1084; x_wconf 90' lang='lat' dir='ltr'>quod</span> <span class='ocrx_word' id='word_1_55' title='bbox 1207 1030 1418 1072; x_wconf 76' lang='lat' dir='ltr'>Fermatius</span> 
     </span>
     <span class='ocr_line' id='line_1_13' title="bbox 145 1090 1413 1145; baseline 0.004 -16"><span class='ocrx_word' id='word_1_56' title='bbox 145 1092 242 1130; x_wconf 90' lang='lat' dir='ltr'>olim</span> <span class='ocrx_word' id='word_1_57' title='bbox 293 1090 518 1135; x_wconf 77' lang='lat' dir='ltr'>Geometris</span> <span class='ocrx_word' id='word_1_58' title='bbox 557 1095 886 1136; x_wconf 79' lang='lat' dir='ltr'>demonstrandum</span> <span class='ocrx_word' id='word_1_59' title='bbox 936 1093 1159 1145; x_wconf 87' lang='lat' dir='ltr'>proposuit,</span> <span class='ocrx_word' id='word_1_60' title='bbox 1212 1093 1413 1134; x_wconf 83' lang='lat' dir='ltr'>veritatem</span> 
     </span>
     <span class='ocr_line' id='line_1_14' title="bbox 143 1150 1415 1208; baseline 0.005 -19"><span class='ocrx_word' id='word_1_61' title='bbox 143 1150 256 1191; x_wconf 89' lang='lat' dir='ltr'>solide</span> <span class='ocrx_word' id='word_1_62' title='bbox 300 1156 495 1195; x_wconf 85' lang='lat' dir='ltr'>ostendere</span> <span class='ocrx_word' id='word_1_63' title='bbox 535 1157 753 1208; x_wconf 76' lang='lat' dir='ltr'>potuissem.</span> <span class='ocrx_word' id='word_1_64' title='bbox 820 1155 1038 1193; x_wconf 81' lang='lat' dir='ltr'>Tentamen</span> <span class='ocrx_word' id='word_1_65' title='bbox 1080 1165 1209 1194; x_wconf 77' lang='lat' dir='ltr'>tamen</span> <span class='ocrx_word' id='word_1_66' title='bbox 1249 1156 1415 1195; x_wconf 84' lang='lat' dir='ltr'>demon-</span> 
     </span>
     <span class='ocr_line' id='line_1_15' title="bbox 144 1212 1418 1271; baseline 0.005 -19"><span class='ocrx_word' id='word_1_67' title='bbox 144 1212 321 1256; x_wconf 79' lang='lat' dir='ltr'>strationis</span> <span class='ocrx_word' id='word_1_68' title='bbox 360 1226 445 1256; x_wconf 91' lang='lat' dir='ltr'>tum</span> <span class='ocrx_word' id='word_1_69' title='bbox 477 1218 645 1271; x_wconf 86' lang='lat' dir='ltr'>exposui,</span> <span class='ocrx_word' id='word_1_70' title='bbox 675 1217 777 1257; x_wconf 86' lang='lat' dir='ltr'>vnde</span> <span class='ocrx_word' id='word_1_71' title='bbox 808 1215 998 1256; x_wconf 85' lang='lat' dir='ltr'>certitudo</span> <span class='ocrx_word' id='word_1_72' title='bbox 1030 1215 1138 1256; x_wconf 87' lang='lat' dir='ltr'>huius</span> <span class='ocrx_word' id='word_1_73' title='bbox 1169 1215 1418 1258; x_wconf 81' lang='lat' dir='ltr'>theorematis</span> 
     </span>
     <span class='ocr_line' id='line_1_16' title="bbox 145 1275 1417 1332; baseline 0.005 -18"><span class='ocrx_word' id='word_1_74' title='bbox 145 1275 271 1316; x_wconf 85' lang='lat' dir='ltr'>multo</span> <span class='ocrx_word' id='word_1_75' title='bbox 303 1278 520 1320; x_wconf 81' lang='lat' dir='ltr'>luculentius</span> <span class='ocrx_word' id='word_1_76' title='bbox 549 1281 683 1331; x_wconf 87' lang='lat' dir='ltr'>elucet,</span> <span class='ocrx_word' id='word_1_77' title='bbox 718 1278 860 1318; x_wconf 77' lang='lat' dir='ltr'>etiamfi</span> <span class='ocrx_word' id='word_1_78' title='bbox 892 1278 1048 1318; x_wconf 85' lang='lat' dir='ltr'>criteriis</span> <span class='ocrx_word' id='word_1_79' title='bbox 1075 1277 1219 1332; x_wconf 76' lang='lat' dir='ltr'>¹rigidae</span> <span class='ocrx_word' id='word_1_80' title='bbox 1252 1279 1417 1321; x_wconf 87' lang='lat' dir='ltr'>demon-</span> 
     </span>
     <span class='ocr_line' id='line_1_17' title="bbox 142 1337 1416 1395; baseline 0.004 -18"><span class='ocrx_word' id='word_1_81' title='bbox 142 1337 324 1380; x_wconf 82' lang='lat' dir='ltr'>strationis</span> <span class='ocrx_word' id='word_1_82' title='bbox 361 1342 592 1383; x_wconf 81' lang='lat' dir='ltr'>destituatur:</span> <span class='ocrx_word' id='word_1_83' title='bbox 638 1354 758 1395; x_wconf 86' lang='lat' dir='ltr'>neque</span> <span class='ocrx_word' id='word_1_84' title='bbox 793 1340 981 1392; x_wconf 86' lang='lat' dir='ltr'>dubitaui,</span> <span class='ocrx_word' id='word_1_85' title='bbox 1020 1342 1110 1393; x_wconf 90' lang='lat' dir='ltr'>quin</span> <span class='ocrx_word' id='word_1_86' title='bbox 1142 1341 1274 1382; x_wconf 87' lang='lat' dir='ltr'>iisdem</span> <span class='ocrx_word' id='word_1_87' title='bbox 1306 1342 1416 1382; x_wconf 80' lang='lat' dir='ltr'>vesti-</span> 
     </span>
     <span class='ocr_line' id='line_1_18' title="bbox 143 1401 1415 1452; baseline 0.005 -14"><span class='ocrx_word' id='word_1_88' title='bbox 143 1401 210 1452; x_wconf 83' lang='lat' dir='ltr'>giis</span> <span class='ocrx_word' id='word_1_89' title='bbox 261 1403 455 1445; x_wconf 85' lang='lat' dir='ltr'>infistendo</span> <span class='ocrx_word' id='word_1_90' title='bbox 504 1406 654 1446; x_wconf 75' lang='lat' dir='ltr'>taudem</span> <span class='ocrx_word' id='word_1_91' title='bbox 705 1404 979 1445; x_wconf 80' lang='lat' dir='ltr'>demonstratio</span> <span class='ocrx_word' id='word_1_92' title='bbox 1020 1404 1218 1444; x_wconf 77' lang='lat' dir='ltr'>defiderata</span> <span class='ocrx_word' id='word_1_93' title='bbox 1271 1404 1415 1445; x_wconf 64' lang='lat' dir='ltr'>filcilius</span> 
     </span>
     <span class='ocr_line' id='line_1_19' title="bbox 145 1462 1414 1521; baseline 0.006 -21"><span class='ocrx_word' id='word_1_94' title='bbox 145 1462 307 1505; x_wconf 89' lang='lat' dir='ltr'>obtineri</span> <span class='ocrx_word' id='word_1_95' title='bbox 341 1467 475 1520; x_wconf 77' lang='lat' dir='ltr'>poss’it3</span> <span class='ocrx_word' id='word_1_96' title='bbox 511 1468 612 1521; x_wconf 90' lang='lat' dir='ltr'>quod</span> <span class='ocrx_word' id='word_1_97' title='bbox 646 1467 798 1520; x_wconf 83' lang='lat' dir='ltr'>quidem</span> <span class='ocrx_word' id='word_1_98' title='bbox 831 1474 885 1507; x_wconf 84' lang='lat' dir='ltr'>ex</span> <span class='ocrx_word' id='word_1_99' title='bbox 919 1478 967 1506; x_wconf 88' lang='lat' dir='ltr'>eo</span> <span class='ocrx_word' id='word_1_100' title='bbox 1001 1474 1177 1520; x_wconf 84' lang='lat' dir='ltr'>tempore</span> <span class='ocrx_word' id='word_1_101' title='bbox 1201 1465 1312 1506; x_wconf 79' lang='lat' dir='ltr'>mihi</span> <span class='ocrx_word' id='word_1_102' title='bbox 1345 1467 1414 1520; x_wconf 71' lang='lat' dir='ltr'>ipsi</span> 
     </span>
     <span class='ocr_line' id='line_1_20' title="bbox 141 1524 1411 1583; baseline 0.005 -19"><span class='ocrx_word' id='word_1_103' title='bbox 141 1524 208 1565; x_wconf 64' lang='lat' dir='ltr'>vsu</span> <span class='ocrx_word' id='word_1_104' title='bbox 247 1528 369 1579; x_wconf 82' lang='lat' dir='ltr'>venit,</span> <span class='ocrx_word' id='word_1_105' title='bbox 412 1530 477 1580; x_wconf 80' lang='lat' dir='ltr'>ita,</span> <span class='ocrx_word' id='word_1_106' title='bbox 511 1540 558 1570; x_wconf 77' lang='lat' dir='ltr'>vt</span> <span class='ocrx_word' id='word_1_107' title='bbox 592 1538 787 1571; x_wconf 82' lang='lat' dir='ltr'>tentamen</span> <span class='ocrx_word' id='word_1_108' title='bbox 821 1528 930 1579; x_wconf 88' lang='lat' dir='ltr'>illud,</span> <span class='ocrx_word' id='word_1_109' title='bbox 971 1528 1000 1570; x_wconf 87' lang='lat' dir='ltr'>fi</span> <span class='ocrx_word' id='word_1_110' title='bbox 1041 1529 1110 1569; x_wconf 82' lang='lat' dir='ltr'>alia</span> <span class='ocrx_word' id='word_1_111' title='bbox 1141 1529 1323 1583; x_wconf 78' lang='lat' dir='ltr'>quaedam</span> <span class='ocrx_word' id='word_1_112' title='bbox 1358 1530 1411 1570; x_wconf 67' lang='lat' dir='ltr'>le&#39;-</span> 
     </span>
     <span class='ocr_line' id='line_1_21' title="bbox 144 1586 1414 1643; baseline 0.004 -17"><span class='ocrx_word' id='word_1_113' title='bbox 144 1586 203 1626; x_wconf 70' lang='lat' dir='ltr'>vis</span> <span class='ocrx_word' id='word_1_114' title='bbox 243 1591 486 1632; x_wconf 76' lang='lat' dir='ltr'>confideratio</span> <span class='ocrx_word' id='word_1_115' title='bbox 536 1593 709 1636; x_wconf 81' lang='lat' dir='ltr'>accedat,</span> <span class='ocrx_word' id='word_1_116' title='bbox 759 1591 797 1631; x_wconf 90' lang='lat' dir='ltr'>in</span> <span class='ocrx_word' id='word_1_117' title='bbox 837 1590 998 1643; x_wconf 79' lang='lat' dir='ltr'>rigidam</span> <span class='ocrx_word' id='word_1_118' title='bbox 1048 1591 1414 1632; x_wconf 80' lang='lat' dir='ltr'>demonstrationem</span> 
     </span>
     <span class='ocr_line' id='line_1_22' title="bbox 146 1646 1414 1708; baseline 0.006 -23"><span class='ocrx_word' id='word_1_119' title='bbox 146 1646 265 1690; x_wconf 67' lang='lat' dir='ltr'>hbeat.</span> <span class='ocrx_word' id='word_1_120' title='bbox 359 1655 473 1695; x_wconf 88' lang='lat' dir='ltr'>Nihil</span> <span class='ocrx_word' id='word_1_121' title='bbox 504 1657 657 1708; x_wconf 88' lang='lat' dir='ltr'>quidem</span> <span class='ocrx_word' id='word_1_122' title='bbox 709 1655 800 1694; x_wconf 88' lang='lat' dir='ltr'>noui</span> <span class='ocrx_word' id='word_1_123' title='bbox 842 1654 880 1692; x_wconf 86' lang='lat' dir='ltr'>in</span> <span class='ocrx_word' id='word_1_124' title='bbox 913 1653 985 1693; x_wconf 79' lang='lat' dir='ltr'>hac</span> <span class='ocrx_word' id='word_1_125' title='bbox 1027 1666 1068 1694; x_wconf 88' lang='lat' dir='ltr'>re</span> <span class='ocrx_word' id='word_1_126' title='bbox 1100 1665 1164 1695; x_wconf 86' lang='lat' dir='ltr'>me</span> <span class='ocrx_word' id='word_1_127' title='bbox 1201 1654 1414 1708; x_wconf 80' lang='lat' dir='ltr'>praestitifle</span> 
     </span>
     <span class='ocr_line' id='line_1_23' title="bbox 146 1709 1412 1771; baseline 0.006 -23"><span class='ocrx_word' id='word_1_128' title='bbox 146 1709 296 1760; x_wconf 76' lang='lat' dir='ltr'>gloriari</span> <span class='ocrx_word' id='word_1_129' title='bbox 330 1718 497 1767; x_wconf 76' lang='lat' dir='ltr'>possum,</span> <span class='ocrx_word' id='word_1_130' title='bbox 530 1730 616 1758; x_wconf 86' lang='lat' dir='ltr'>cum</span> <span class='ocrx_word' id='word_1_131' title='bbox 651 1717 727 1771; x_wconf 90' lang='lat' dir='ltr'>ipse</span> <span class='ocrx_word' id='word_1_132' title='bbox 760 1717 972 1757; x_wconf 82' lang='lat' dir='ltr'>Fermatius</span> <span class='ocrx_word' id='word_1_133' title='bbox 1004 1718 1083 1757; x_wconf 88' lang='lat' dir='ltr'>iam</span> <span class='ocrx_word' id='word_1_134' title='bbox 1120 1717 1412 1757; x_wconf 78' lang='lat' dir='ltr'>demonstratio-</span> 
     </span>
     <span class='ocr_line' id='line_1_24' title="bbox 146 1774 1410 1832; baseline 0.009 -23"><span class='ocrx_word' id='word_1_135' title='bbox 146 1783 234 1811; x_wconf 88' lang='lat' dir='ltr'>nem</span> <span class='ocrx_word' id='word_1_136' title='bbox 269 1774 376 1816; x_wconf 87' lang='lat' dir='ltr'>huius</span> <span class='ocrx_word' id='word_1_137' title='bbox 418 1779 658 1820; x_wconf 81' lang='lat' dir='ltr'>theorematis</span> <span class='ocrx_word' id='word_1_138' title='bbox 696 1779 856 1820; x_wconf 79' lang='lat' dir='ltr'>elicuifle</span> <span class='ocrx_word' id='word_1_139' title='bbox 900 1777 935 1817; x_wconf 88' lang='lat' dir='ltr'>se</span> <span class='ocrx_word' id='word_1_140' title='bbox 980 1780 1223 1832; x_wconf 72' lang='lat' dir='ltr'>profiteatur,</span> <span class='ocrx_word' id='word_1_141' title='bbox 1259 1790 1410 1829; x_wconf 60' lang='lat' dir='ltr'>verum,</span> 
     </span>
     <span class='ocr_line' id='line_1_25' title="bbox 143 1835 1413 1895; baseline 0.007 -23"><span class='ocrx_word' id='word_1_142' title='bbox 143 1835 245 1885; x_wconf 89' lang='lat' dir='ltr'>quod</span> <span class='ocrx_word' id='word_1_143' title='bbox 286 1850 373 1879; x_wconf 85' lang='lat' dir='ltr'>earn</span> <span class='ocrx_word' id='word_1_144' title='bbox 417 1851 597 1894; x_wconf 78' lang='lat' dir='ltr'>nusquam</span> <span class='ocrx_word' id='word_1_145' title='bbox 631 1841 767 1895; x_wconf 89' lang='lat' dir='ltr'>publici</span> <span class='ocrx_word' id='word_1_146' title='bbox 800 1841 886 1882; x_wconf 85' lang='lat' dir='ltr'>iuris</span> <span class='ocrx_word' id='word_1_147' title='bbox 917 1840 1025 1893; x_wconf 82' lang='lat' dir='ltr'>fecit,</span> <span class='ocrx_word' id='word_1_148' title='bbox 1058 1842 1135 1882; x_wconf 82' lang='lat' dir='ltr'>eius</span> <span class='ocrx_word' id='word_1_149' title='bbox 1166 1841 1303 1882; x_wconf 68' lang='lat' dir='ltr'>iaecura</span> <span class='ocrx_word' id='word_1_150' title='bbox 1338 1852 1413 1894; x_wconf 84' lang='lat' dir='ltr'>pe-</span> 
     </span>
     <span class='ocr_line' id='line_1_26' title="bbox 143 1875 1410 1958; baseline 0.007 -23"><span class='ocrx_word' id='word_1_151' title='bbox 143 1895 247 1937; x_wconf 81' lang='lat' dir='ltr'>tinde</span> <span class='ocrx_word' id='word_1_152' title='bbox 297 1912 340 1940; x_wconf 80' lang='lat' dir='ltr'>ac</span> <span class='ocrx_word' id='word_1_153' title='bbox 387 1900 643 1954; x_wconf 81' lang='lat' dir='ltr'>plurimorum</span> <span class='ocrx_word' id='word_1_154' title='bbox 696 1903 858 1944; x_wconf 79' lang='lat' dir='ltr'>aliorum</span> <span class='ocrx_word' id='word_1_155' title='bbox 912 1875 1152 1958; x_wconf 57' lang='lat' dir='ltr'>egreg&#39;iorum</span> <span class='ocrx_word' id='word_1_156' title='bbox 1203 1903 1309 1944; x_wconf 90' lang='lat' dir='ltr'>huius</span> <span class='ocrx_word' id='word_1_157' title='bbox 1339 1902 1410 1944; x_wconf 87' lang='lat' dir='ltr'>viri</span> 
     </span>
     <span class='ocr_line' id='line_1_27' title="bbox 141 1956 1411 2020; baseline 0.007 -23"><span class='ocrx_word' id='word_1_158' title='bbox 141 1956 380 2003; x_wconf 85' lang='lat' dir='ltr'>inuentorum</span> <span class='ocrx_word' id='word_1_159' title='bbox 414 1963 544 2015; x_wconf 87' lang='lat' dir='ltr'>efficit,</span> <span class='ocrx_word' id='word_1_160' title='bbox 580 1974 633 2013; x_wconf 64' lang='lat' dir='ltr'>vt,</span> <span class='ocrx_word' id='word_1_161' title='bbox 660 1974 752 2019; x_wconf 83' lang='lat' dir='ltr'>quae</span> <span class='ocrx_word' id='word_1_162' title='bbox 782 1977 879 2006; x_wconf 87' lang='lat' dir='ltr'>nunc</span> <span class='ocrx_word' id='word_1_163' title='bbox 912 1967 1070 2008; x_wconf 87' lang='lat' dir='ltr'>demum</span> <span class='ocrx_word' id='word_1_164' title='bbox 1102 1968 1148 2007; x_wconf 86' lang='lat' dir='ltr'>de</span> <span class='ocrx_word' id='word_1_165' title='bbox 1183 1965 1242 2006; x_wconf 85' lang='lat' dir='ltr'>his</span> <span class='ocrx_word' id='word_1_166' title='bbox 1274 1968 1411 2020; x_wconf 80' lang='lat' dir='ltr'>deper-</span> 
     </span>
     <span class='ocr_line' id='line_1_28' title="bbox 144 2019 1411 2082; baseline 0.006 -23"><span class='ocrx_word' id='word_1_167' title='bbox 144 2019 231 2062; x_wconf 85' lang='lat' dir='ltr'>ditis</span> <span class='ocrx_word' id='word_1_168' title='bbox 281 2026 384 2066; x_wconf 87' lang='lat' dir='ltr'>rebus</span> <span class='ocrx_word' id='word_1_169' title='bbox 423 2027 521 2080; x_wconf 74' lang='lat' dir='ltr'>quasi</span> <span class='ocrx_word' id='word_1_170' title='bbox 571 2039 852 2082; x_wconf 76' lang='lat' dir='ltr'>recuperamuS,</span> <span class='ocrx_word' id='word_1_171' title='bbox 894 2040 936 2069; x_wconf 84' lang='lat' dir='ltr'>ea</span> <span class='ocrx_word' id='word_1_172' title='bbox 982 2042 1062 2071; x_wconf 90' lang='lat' dir='ltr'>non</span> <span class='ocrx_word' id='word_1_173' title='bbox 1113 2030 1309 2070; x_wconf 87' lang='lat' dir='ltr'>immerito</span> <span class='ocrx_word' id='word_1_174' title='bbox 1339 2038 1411 2081; x_wconf 84' lang='lat' dir='ltr'>pro</span> 
     </span>
     <span class='ocr_line' id='line_1_29' title="bbox 141 2085 1411 2143; baseline 0.007 -22"><span class='ocrx_word' id='word_1_175' title='bbox 141 2085 249 2126; x_wconf 85' lang='lat' dir='ltr'>nouis</span> <span class='ocrx_word' id='word_1_176' title='bbox 288 2089 448 2131; x_wconf 87' lang='lat' dir='ltr'>inuentis</span> <span class='ocrx_word' id='word_1_177' title='bbox 489 2087 709 2133; x_wconf 77' lang='lat' dir='ltr'>habeantur.</span> <span class='ocrx_word' id='word_1_178' title='bbox 803 2089 908 2133; x_wconf 84' lang='lat' dir='ltr'>Cum</span> <span class='ocrx_word' id='word_1_179' title='bbox 949 2091 1052 2135; x_wconf 87' lang='lat' dir='ltr'>enim</span> <span class='ocrx_word' id='word_1_180' title='bbox 1085 2105 1204 2133; x_wconf 88' lang='lat' dir='ltr'>nemo</span> <span class='ocrx_word' id='word_1_181' title='bbox 1242 2101 1411 2143; x_wconf 79' lang='lat' dir='ltr'>vnquam</span> 
     </span>
     <span class='ocr_line' id='line_1_30' title="bbox 839 2152 1404 2193; baseline -0.005 0"><span class='ocrx_word' id='word_1_182' title='bbox 839 2152 880 2193; x_wconf 89' lang='lat' dir='ltr'>A</span> <span class='ocrx_word' id='word_1_183' title='bbox 914 2164 943 2192; x_wconf 79' lang='lat'>2</span> <span class='ocrx_word' id='word_1_184' title='bbox 1322 2159 1404 2191; x_wconf 83' lang='lat' dir='ltr'>tam</span> 
     </span>
    </p>
   </div>
  </div>
 </body>
</html>
