2062 2664
261 206 768 255 DEFINIENDORVM
833 208 1213 272 DISQVISITJO.
1307 215 1394 263 465

136 325 206 364 Yix
239 324 335 363 vltra
367 321 490 375 augeri
524 324 680 375 potest3
732 326 872 363 etenim
894 356 904 375 ‚
956 325 981 364 si
1031 326 1227 367 Pnrallaxis
1276 327 1405 368 Lunae

137 387 376 427 horizentalis
408 386 505 424 vltra
537 396 685 436 partem
721 386 769 424 fui
810 387 962 423 10:>”¹‘¹⁷⁷²
996 399 1216 440 augeretur,
1252 403 1302 429 cx
1338 392 1407 429 Ob-

138 450 396 490 stinationibus
415 447 605 500 Eclipseos
643 446 781 488 solaris
821 449 924 488 Anni
963 455 1093 500 1748.
1132 454 1251 490 maius
1284 453 1407 492 adhuc

138 514 412 553 incrementum
446 519 595 562 caperet
645 511 864 563 Longitudo
916 512 1052 553 Nodi:
1109 526 1195 554 cum
1249 524 1408 565 contra,

138 576 164 616 fi
187 575 380 616 Parallaxis
399 573 526 612 Lunae
558 573 800 614 horizontalis
835 585 1011 627 angeatur
1040 586 1143 629 parte
1175 577 1221 616 sui
1261 579 1407 626 mom,

140 638 381 691 Longitudini
431 635 542 676 Nodi
594 636 748 678 Lunaris
798 648 922 678 autem
977 640 1154 679 addantur
1198 654 1239 689 4.
1282 640 1342 679 vel
1382 649 1401 687 5

142 703 286 742 minuta
319 702 459 752 prima,
494 699 660 740 Tabulae
694 700 857 740 Lunares
892 700 1040 744 Halleiz·
1069 715 1154 742 cum
1188 702 1413 743 obseruatio-

143 765 246 804 nibus
311 763 516 815 Eclipsinm
575 762 676 803 Solis
734 764 937 804 Annorum
1005 775 1133 814 1727,
1189 772 1302 815 1748
1375 773 1413 804 et

149 837 279 876 1750.
312 827 394 866 satis
428 824 675 866 consentiant.
782 826 837 865 Vt
879 837 1003 868 autem
1040 836 1206 869 accurate
1239 841 1280 868 ac
1325 840 1415 881 pru-

145 892 276 931 denter
308 891 344 929 in
378 901 419 928 re
451 891 548 929 adeo
580 889 699 930 subtili
734 897 841 942 atque
885 890 1027 943 spinosa
1078 903 1260 944 agamus,
1318 890 1416 930 nihil

144 954 235 993 certi
268 953 306 992 in
338 952 403 992 illo
431 953 595 1005 negotio
630 952 790 993 stabilire
819 953 971 1002 audeo,
1029 962 1113 993 ante
1147 966 1256 1006 quam
1292 954 1416 993 calcu-

143 1017 198 1057 lus
230 1015 394 1069 plurium
428 1016 635 1068 Eclipsium
670 1015 870 1068 diligenter
911 1015 1188 1057 obseruatarum
1240 1016 1418 1056 aliarum·

145 1091 218 1134 que
268 1079 567 1119 obseruationum
618 1080 706 1119 scite
762 1079 1008 1119 institutarum
1042 1092 1122 1120 rem
1157 1080 1312 1120 dirimat
1343 1079 1419 1119 cla—

143 1143 286 1194 riusque
318 1142 516 1182 ostendat:
570 1142 728 1182 stabilire
758 1141 937 1181 nimirum
972 1154 1047 1182 non
1099 1144 1250 1194 audeo,
1301 1150 1415 1195 quota

142 1203 192 1244 sui
241 1215 345 1255 parte
395 1205 588 1246 Parallaxis
640 1205 768 1246 Lunae
802 1204 1043 1246 horizontalis
1077 1206 1279 1247 Halleiana
1310 1217 1419 1257 prae-

142 1265 214 1305 cise
263 1265 306 1303 fit
360 1268 555 1318 augenda,
609 1281 728 1321 neque
770 1277 949 1320 quantum
985 1268 1108 1308 Locus
1142 1269 1250 1310 Nodi
1285 1267 1419 1308 Lunae

143 1340 193 1368 ex
226 1324 383 1366 Tabulis
417 1326 632 1367 Halleianis
665 1330 849 1369 desumtus
880 1341 1048 1371 accurate
1098 1331 1142 1371 fit
1192 1343 1424 1386 promouen-

146 1392 226 1430 dus.
291 1389 399 1430 Haec
449 1398 574 1429 autem
626 1389 820 1444 explorata
858 1392 1123 1444 perspeehique
1157 1393 1292 1432 habere
1326 1391 1423 1432 mihi

147 1453 311 1493 videor:
362 1451 422 1492 1⁹⁷¹⁰
452 1453 550 1505 quod
583 1452 781 1493 Paraliaxis
811 1451 943 1492 Lunae
989 1454 1235 1493 horizontalis
1287 1453 1424 1494 Halle-

143 1517 238 1559 iana
273 1515 365 1555 iusto
396 1515 524 1554 minor
556 1514 635 1564 fuit,
668 1524 751 1553 tum
788 1515 824 1551 in
859 1513 999 1565 Eclipfi
1032 1513 1153 1554 Solari
1188 1516 1266 1554 An.
1305 1524 1421 1563 1727

146 1578 335 1618 obseruata
356 1610 366 1628 ‚
400 1589 487 1616 cum
519 1576 556 1614 in
589 1587 647 1625 ea,
681 1586 794 1629 quam
828 1574 902 1629 ipse
935 1576 1011 1614 An.
1054 1586 1185 1625 1750.
1219 1578 1257 1616 d.
1299 1584 1320 1618 8
1342 1577 1421 1617 Ian.

149 1640 423 1694 diligentissime
458 1637 674 1677 obseruaui:
707 1650 760 1678 ex
793 1649 869 1691 quo
900 1637 1079 1692 colligere
1110 1639 1182 1690 est,
1217 1640 1426 1681 Parallaxin

147 1703 276 1746 Lunae
310 1701 587 1742 horizontalem
624 1700 854 1741 Tabularem
889 1703 1005 1741 etiam
1041 1703 1079 1742 in
1119 1702 1263 1756 Eclipfi
1304 1705 1425 1744 Anno

154 1773 286 1817 1748.
322 1765 503 1804 obseruata
535 1764 630 1804 insto
662 1765 854 1804 minorem
897 1763 1021 1804 fuisse:
1072 1778 1161 1806 nam
1213 1766 1239 1806 fi
1288 1778 1333 1806 ea
1385 1767 1425 1805 in

149 1830 225 1870 hoc
258 1827 440 1880 Deliquio
472 1825 594 1867 Solari
629 1828 830 1867 minuenda
881 1827 958 1867 visa
1009 1828 1147 1879 fuerit,
1197 1829 1236 1867 in
1285 1829 1427 1881 Eclipfi

150 1890 272 1934 solari
305 1891 425 1930 Anno
461 1902 514 1940 17
526 1901 595 1939 50.
630 1891 819 1930 obseruata
852 1890 966 1930 etiam
1008 1893 1079 1931 erit
1130 1890 1388 1932 imminuenda
1411 1923 1423 1943 ,

151 1968 240 1996 cum
290 1954 495 1994 differentia
548 1953 795 2001 Parallaxium
849 1952 1140 1995 horizontalium
1194 1954 1324 1994 Lunae
1385 1954 1426 1994 in

151 2018 248 2057 binis
298 2016 370 2057 illis
418 2016 605 2070 Deliquiis
651 2015 839 2057 solaribus
870 2028 919 2057 ex
953 2018 1105 2057 Tabulis
1155 2017 1308 2058 dedud'ta
1349 2028 1426 2056 non

153 2082 250 2121 adeo
282 2091 302 2119 a
335 2091 421 2120 vera
455 2081 624 2120 aberrare
656 2079 762 2121 facile
794 2078 901 2136 poffe
936 2081 1103 2120 videatur
1122 2113 1132 2133 ‚
1167 2090 1209 2120 vt
1244 2081 1282 2119 in
1312 2079 1425 2119 altera

190 2134 193 2141 ¹
219 2141 392 2183 Tom.V.
412 2140 652 2185 Non.Com.
957 2141 997 2185 N
1018 2154 1042 2182 n
1057 2153 1085 2184 n
1288 2141 1428 2196 Eclipfi
