2062 2664
580 218 641 257 94
664 202 738 245 DE
760 196 1051 243 METHODO
1080 191 1498 240 DIOPHANTEAE
1533 188 1810 236 ANALOGA

578 316 638 354 sed
657 314 732 352 eius
749 323 829 351 area
839 308 872 364 s
870 324 887 355 γ
897 309 923 349 d
930 321 956 349 x
975 321 1028 348 z:
1049 308 1076 349 P
1089 303 1289 362 ÷sde
1306 317 1325 346 a
1343 304 1546 359 quantitate
1566 303 1841 346 transcendente

570 371 708 431 sde
750 374 938 429 pendebit.

960 451 1356 495 COROLL.
1433 462 1472 498 3.

721 538 763 575 7.
796 525 916 568 Simili
953 524 1074 565 modo
1107 525 1144 563 in
1176 523 1288 563 altera
1306 523 1485 563 solutione
1511 523 1535 563 si
1554 530 1713 576 ponatur
1730 519 1771 561 Y
1789 534 1845 561 t:

587 590 617 631 P
637 595 700 635 -4-
713 589 854 645 sQdy‚
889 587 1124 628 existentibus
1164 585 1193 624 P
1226 597 1265 625 et
1298 587 1347 640 Q
1367 585 1613 624 fimstionibus
1637 584 1847 636 algebraicis

588 653 695 706 ipslus
711 666 768 702 y,
812 653 864 691 ita
896 661 1019 690 tamen
1053 659 1096 687 vt
1117 643 1253 701 sQdy
1288 648 1330 688 fit
1363 647 1543 699 quantitas
1575 648 1847 697 transcendens,

589 723 761 775 aequatio
809 733 880 774 pro
926 731 1036 759 curua
1067 730 1165 757 x*-
1114 748 1165 755 .-
1188 736 1231 776 ·ᾱᾶ
1211 707 1308 762 Ρ-ὶ-
1329 716 1379 770 Q
1410 717 1481 755 erit
1511 715 1740 767 algebraica,
1789 714 1849 755 sed

591 805 684 841 area,
703 803 795 844 quae
814 791 884 830 erit
906 786 1102 840 sydx*
1051 774 1172 813 -yd
1144 774 1188 799 Μ’
1211 795 1274 831 -l-
1282 787 1420 841 yQ-
1439 786 1520 828 P-
1486 782 1662 841 -sQdy
1695 796 1849 839 aquari

595 855 699 894 titate
732 852 1011 893 transcendente
1031 823 1170 905 sQdy
1195 849 1381 903 pendebit

963 929 1471 972 SCHOLION·

745 1015 781 1051 8.
843 1008 909 1050 Vti
965 1009 1067 1050 huius
1115 1010 1361 1063 problematis
1412 1009 1544 1049 solutio
1594 1010 1646 1049 est
1685 1010 1853 1051 facillima

592 1072 764 1125 nulloque
814 1071 974 1111 artificio
1006 1073 1166 1124 indiget,
1198 1074 1346 1125 (equens
1379 1070 1573 1123 problema
1595 1099 1605 1117 ,
1639 1073 1740 1124 quod
1771 1073 1855 1125 qui-

597 1138 686 1177 dem
719 1134 809 1174 alius
841 1134 892 1174 est
924 1143 1091 1186 naturae,
1125 1136 1323 1187 adiungam
1343 1166 1353 1185 ,
1391 1132 1491 1173 cuius
1523 1144 1618 1171 vero
1650 1133 1784 1173 solutio
1816 1134 1855 1173 in

599 1198 677 1239 aliis
709 1196 1022 1250 problematibus,
1054 1209 1146 1249 quae
1180 1199 1224 1236 ad
1258 1197 1353 1235 hanc
1385 1194 1610 1234 methodum
1644 1194 1767 1234 referri
1800 1195 1855 1233 so-

603 1259 698 1310 lent,
716 1259 895 1311 insignem
915 1258 1019 1297 vium
1041 1258 1245 1310 praestabit.
1287 1256 1416 1295 Veluti
1433 1255 1459 1294 fi
1487 1265 1700 1306 quaerantur
1723 1267 1856 1295 curuae

601 1321 824 1374 algebtaicae
841 1321 1050 1372 generatim
1086 1332 1163 1358 non
1182 1317 1450 1364 reetificabiles,
1482 1329 1573 1368 quae
1603 1327 1744 1369 tamen,
1763 1326 1856 1370 quot

601 1383 771 1433 lubuerit,
802 1381 962 1421 habeant
995 1394 1099 1421 arcus
1117 1381 1394 1432 rec‘tificabiles3
1429 1379 1570 1418 aliaeue
1589 1378 1693 1418 huius
1715 1379 1861 1430 generis

603 1444 832 1498 quaestiones
859 1453 1114 1497 proponantur
1132 1476 1142 1495 ,
1175 1444 1402 1497 principium
1419 1440 1608 1481 solutionis
1622 1452 1671 1481 ex
1687 1440 1863 1493 sequente

605 1506 840 1563 problemate
871 1508 943 1546 erit
976 1506 1197 1559 petendum.

907 1598 1451 1641 PROBLEMA.
1519 1610 1561 1638 2.

723 1683 764 1720 9.
836 1670 1008 1711 Inuenire
1041 1669 1402 1723 curuasalgebraicas
1433 1671 1471 1708 in
1502 1679 1638 1721 genere
1669 1679 1744 1707 non
1773 1677 1861 1720 qua-

608 1732 787 1783 dtabiles,
806 1732 865 1772 sed
897 1744 1050 1784 quarum
1069 1732 1279 1785 quadratura
1311 1731 1491 1785 generalis
1522 1732 1647 1770 datam
1681 1730 1865 1782 quantita·

610 1804 689 1835 tem
722 1796 1039 1835 transcendentem
1073 1795 1257 1846 inuoluat,
1289 1797 1325 1834 in
1360 1794 1486 1847 quibus
1518 1802 1657 1842 tamen,
1688 1802 1778 1845 quot
1809 1791 1864 1830 lu-

609 1857 741 1900 buerit‚
776 1869 875 1898 areas
907 1855 1062 1897 absolute
1093 1857 1316 1911 quadrabiles
1348 1856 1521 1909 affignare
1551 1854 1671 1897 liceat.

1028 1965 1463 2009 SOLVTIO.

763 2033 828 2076 Ex
859 2035 1040 2076 solutione
1071 2035 1322 2089 praecedentis
1353 2033 1594 2086 problematis
1626 2032 1752 2086 liquet,
1771 2031 1866 2073 hanc

614 2098 871 2154 quaestionem
905 2098 978 2139 huc
1011 2098 1150 2151 redire,
1201 2107 1246 2138 vt
1279 2096 1460 2138 eiusmodi
1491 2094 1648 2137 formula
1679 2094 1883 2136 transcen-'

1775 2156 1867 2197 dens
