2062 2664
580 151 672 196 432
817 134 1139 182 ERRORVM
1187 134 1589 181 TABVLARVM

580 254 751 296 humano
783 250 914 305 generi
946 251 1098 292 allatura
1135 250 1207 300 fit,
1251 250 1330 303 quis
1364 249 1510 291 nescit?
1561 249 1696 303 Neque
1730 247 1850 301 ignoti

579 318 661 358 sunt
697 316 902 370 progressus
936 315 987 354 illi
1024 314 1188 367 infignes„
1221 326 1314 367 quos
1353 314 1526 354 indefesso
1562 315 1687 353 labore
1729 311 1850 351 fecere

578 393 708 422 rerum
759 379 975 419 coelestium
1009 376 1272 430 Speculatores
1322 377 1359 415 iu
1411 378 1634 418 enucleanda
1682 374 1852 414 Theoria

577 443 716 486 Lunari
749 442 795 482 ad
847 451 997 483 tantum
1050 440 1229 493 fastigium
1274 440 1400 479 nostris
1432 440 1665 494 temporibus
1695 437 1853 488 ευεᾶει,

580 516 623 547 vt
680 505 899 560 perfectioni
957 504 1033 542 eius
1092 503 1189 543 nihil
1246 502 1365 542 deesse
1428 505 1596 544 videatur
1629 535 1640 554 ‚
1705 510 1853 555 praeter

581 581 766 622 magnum
816 566 1166 608 accuratiffimarum
1221 566 1522 608 obseruationum
1572 578 1768 607 numerum
1814 564 1851 603 in

580 632 729 672 diuerfis
764 630 889 672 Lunae
920 629 1169 684 pofitionibus
1202 632 1350 670 ratione
1390 631 1593 684 Apogaei,
1646 629 1850 671 Nodorum

582 704 623 735 et
681 693 781 737 Solis
838 694 1047 734 habitarum
1107 703 1147 734 et
1205 694 1252 733 ab
1301 694 1540 734 Astronomis
1590 693 1850 747 petendarum.

577 758 710 817 Quam
746 758 796 796 ob
829 770 908 798 rem
942 757 1164 798 Astronomi
1194 756 1325 797 debito
1355 757 1691 797 instrumentorum
1734 766 1854 808 appa-

579 831 662 861 ratu
695 821 833 861 muniti
867 821 1008 861 nullam
1043 822 1340 873 praetermittere
1378 820 1497 861 solent
1549 819 1735 860 eiusmodi
1784 817 1855 857 ob-

577 883 823 924 seruationum
858 884 1167 924 instituendarum
1217 883 1451 925 occasionem
1473 916 1484 935 ‚
1531 895 1574 925 ea
1626 883 1740 923 etiam
1791 880 1854 921 ad-

577 946 751 988 hibentes
781 944 965 987 obfieruata
983 979 995 998 ,
1027 959 1120 1000 quae
1152 958 1202 986 ex
1233 946 1441 1001 Eclipfibus
1472 946 1732 988 Luminarium
1775 943 1852 984 col-

577 1010 744 1064 liguntur
762 1040 775 1062 ‚
806 1010 892 1062 quia
928 1009 968 1049 in
1001 1007 1168 1063 Syzigiis
1201 1010 1299 1051 bona
1348 1012 1612 1064 aequationum
1647 1008 1856 1058 Lunarium

577 1082 686 1127 parte
743 1071 982 1112 euanescente
1015 1103 1027 1124 ,
1083 1073 1245 1125 reliquae
1309 1085 1358 1113 eo
1432 1073 1570 1113 facilius
1643 1072 1854 1125 expediam-

577 1144 652 1177 tur.
764 1135 974 1188 Eclipfium
1053 1134 1315 1177 Luminarium
1391 1135 1502 1190 igitur
1578 1134 1854 1183 obseruationes

577 1200 667 1240 scite
735 1199 924 1240 institutae
984 1201 1187 1253 praecipue
1252 1200 1483 1239 Tabularum
1549 1198 1731 1238 erroribus
1779 1196 1855 1235 Pa-

579 1263 801 1313 raHaxeos,
873 1260 1137 1315 Longitudinis
1190 1271 1230 1300 et
1287 1261 1509 1300 Latitudinis
1574 1258 1700 1298 Lunae
1747 1257 1855 1307 dete<

582 1325 715 1378 gendis
765 1323 994 1363 infin-nium:
1059 1322 1225 1377 Eclipses
1275 1331 1406 1362 tamen
1456 1321 1617 1362 Lunares
1666 1320 1714 1360 ad
1765 1320 1853 1360 istos

583 1398 732 1427 errores
794 1384 1097 1426 determinandos
1161 1386 1284 1424 minus
1346 1397 1461 1437 quam
1521 1382 1619 1424 Solis
1673 1381 1850 1436 Deliquia

582 1442 653 1490 effe
713 1448 1025 1489 accommodatas
1082 1447 1306 1490 Astronomi
1367 1448 1443 1487 iam
1504 1448 1641 1488 dudum
1707 1459 1852 1499 exper-

584 1518 667 1552 tum
722 1507 1238 1563 perspestumque11abent3
1297 1508 1497 1549 difficultas
1545 1510 1647 1550 euim
1700 1510 1850 1549 initium

582 1582 622 1614 et
669 1572 789 1614 finem
840 1571 1034 1625 Eclipseos
1063 1571 1250 1621 Lunaris,
1293 1572 1353 1612 vel
1385 1571 1549 1627 appulsus
1581 1573 1752 1614 Vmbrae
1803 1572 1852 1613 ad

582 1636 746 1678 maculas
777 1634 935 1675 Lunaris
970 1636 1137 1688 corporis
1166 1634 1301 1675 affiJeta
1348 1635 1672 1676 Astronomorum
1706 1648 1855 1677 accura-

583 1692 688 1742 tione
720 1698 937 1739 obseruandi
971 1706 1072 1738 tanta
1102 1698 1185 1748 est,
1236 1708 1280 1738 vt
1327 1709 1524 1740 momenta
1558 1699 1651 1739 haec
1685 1699 1748 1739 vel
1783 1712 1856 1753 pro

585 1762 727 1804 diuersa
766 1762 1080 1815 Telescopiorum
1131 1761 1269 1802 virtute
1302 1761 1534 1816 discrepentz,
1566 1762 1743 1815 fiquidem
1779 1764 1854 1818 in'r-

584 1826 682 1871 tium
736 1825 932 1879 Eclipseos
964 1823 1120 1875 Lunaris
1152 1836 1220 1879 per
1250 1826 1396 1874 maiora
1427 1823 1657 1879 Conspicilla
1688 1825 1860 1869 astrono-

586 1889 687 1930 mica
720 1889 868 1939 tardius,
898 1887 981 1928 finis
1011 1898 1141 1928 contra
1174 1889 1282 1930 citius
1311 1901 1421 1942 quam
1457 1901 1524 1942 per
1558 1889 1709 1929 minora
1738 1889 1862 1929 Tele·

588 1951 713 2006 scopia
732 1951 916 1992 obseruari
936 1950 1084 1991 solent:
1119 1960 1162 1991 vt
1178 1961 1337 1992 caeteras
1355 1963 1498 1997 taceam
1531 1950 1650 1991 causas
1679 1960 1718 1991 et
1735 1952 1856 1995 obser-

594 2016 796 2058 vationum
828 2013 1132 2068 circumstantiaS,
1164 2015 1297 2070 quibus,
1326 2014 1428 2061 effici
1457 2014 1595 2070 potest,
1627 2024 1669 2056 vt
1686 2012 1859 2069 Deliquii

1725 2078 1854 2120 Luna-
