2062 2664
1136 181 1294 240 )(6)(

734 309 836 351 Huic
865 309 1002 364 scripto
1035 323 1125 366 pag,
1163 320 1217 358 13
1252 308 1328 350 fine
1366 308 1543 363 peculiari
1575 308 1691 350 titulo
1725 311 1850 355 adiun-

585 373 684 428 gitur
717 386 816 414 noua
848 375 1079 425 dissertatio,
1112 375 1152 415 iu
1183 385 1257 426 qua
1289 372 1427 413 residua
1445 404 1458 424 ,
1488 384 1582 427 quae
1607 374 1648 414 iu
1671 373 1849 418 diuisione

586 447 837 477 numerorum
871 438 1142 483 quadratorum
1177 448 1247 489 per
1278 436 1426 489 quosuis
1442 447 1622 476 numeros
1636 446 1855 489 remanent,

584 502 752 539 examini
783 500 1019 541 iubiiciuntur
1037 533 1049 552 ,
1095 499 1197 540 vnde
1228 500 1368 540 iterum
1400 501 1574 551 egregiae
1614 510 1856 539 numerorum

587 571 836 615 proprietates
904 563 1136 604 deducuntur
1177 593 1190 613 ‚
1248 562 1314 602 vel
1385 563 1550 601 omnino
1581 572 1706 602 ‘nouae
1724 592 1737 611 ,
1794 559 1858 602 vel

587 627 666 665 iam
705 626 858 677 quidem
907 630 1114 679 cognitae,
1153 624 1213 664 sed
1254 636 1358 664 nouo
1402 624 1523 664 modo
1563 623 1854 665 demonstratae.

587 686 728 735 Nemo
760 690 910 740 ignorat
940 700 1074 728 omnes
1090 698 1266 727 numeros
1291 686 1510 740 quadratos,
1539 686 1602 739 qui
1632 698 1704 740 per
1735 697 1760 734 a
1798 688 1860 728 di-

586 750 670 789 -viu'i
702 759 920 802 nequeunt,
957 751 998 791 in
1025 751 1208 791 diuifione
1241 749 1391 802 semper
1420 750 1607 789 vnitatem
1630 749 1859 803 relinquere,

585 823 708 864 neque
739 811 856 852 vlium
889 813 968 852 dari
1000 823 1196 851 numerum
1226 812 1444 864 quadratum
1465 841 1477 861 ,
1507 812 1572 865 qui
1590 823 1660 865 per
1680 822 1702 859 3
1725 813 1858 853 diuisus

583 873 662 913 duo
702 872 898 923 relinquat.
960 871 1088 913 Simiii
1119 873 1239 912 modo
1272 873 1392 914 nullus
1423 875 1531 914 datur
1572 886 1750 915 numerus
1767 887 1857 928 qua-

576 935 727 984 dratus,
758 934 821 984 qui
856 947 924 987 per
956 948 987 985 4
1026 936 1160 976 diuisus
1191 935 1252 976 vel
1289 948 1312 974 2
1336 968 1347 989 ,
1381 936 1444 977 vel
1479 946 1502 983 3
1540 937 1723 990 relinquat
1748 968 1760 987 ,
1793 938 1854 979 {ed

580 996 765 1037 residuum
796 995 944 1049 semper
977 998 1029 1039 est
1067 1011 1110 1049 1,
1143 999 1208 1039 nisi
1238 999 1371 1039 diuifio
1408 998 1583 1040 succedat
1609 1031 1620 1052 ,
1658 1011 1735 1053 quo
1771 1000 1855 1042 cam

576 1058 766 1098 residuum
796 1061 1019 1100 contendum
1053 1062 1107 1101 est
1139 1073 1168 1100 0
1217 1060 1371 1102 Deinde
1404 1061 1520 1102 nullus
1550 1063 1659 1102 datur
1683 1074 1859 1103 uumerus

577 1120 799 1174 quadratus,
825 1122 892 1171 qui
921 1133 990 1171 per
1027 1131 1049 1166 5
1086 1121 1217 1158 diuitiis
1247 1122 1428 1169 relinquat
1464 1134 1512 1169 2,
1546 1123 1855 1172 ve13‚sedrefi-

581 1184 654 1223 dua
685 1179 830 1234 {emper
860 1182 939 1221 iunt
967 1181 1031 1220 vel
1064 1192 1116 1230 0,
1151 1180 1213 1220 vel
1246 1192 1266 1218 1
1291 1210 1303 1229 ‚
1339 1179 1402 1218 vel
1434 1192 1478 1228 4.
1509 1179 1643 1232 Atque
1663 1182 1701 1220 in
1719 1193 1854 1234 genere

579 1256 652 1299 per
691 1255 953 1296 quemcunque
982 1254 1186 1283 numerum
1218 1242 1369 1282 numeri
1398 1242 1566 1294 quadrati
1583 1243 1812 1296 diuidantur,
1829 1256 1855 1286 a

576 1305 729 1347 'residuis
769 1317 859 1346 certi
897 1307 1052 1346 numeri
1105 1305 1347 1346 excluduntur
1374 1335 1386 1355 ,
1429 1316 1525 1356 quos
1562 1302 1648 1345 Cel.
1707 1306 1855 1348 Auctor

578 1368 646 1410 hic
673 1368 865 1420 imprimis
896 1369 1103 1409 considerat
1122 1400 1133 1420 ,
1164 1379 1203 1408 et
1237 1379 1305 1409 non
1334 1367 1476 1422 ressdua
1505 1369 1686 1421 appellat.
1748 1370 1854 1410 Tim

582 1443 658 1485 pro
693 1443 915 1485 quocunque
952 1433 1114 1472 diuiiore
1151 1432 1313 1471 eximias
1349 1432 1595 1483 proprietates
1635 1442 1713 1472 tam
1756 1434 1855 1474 int-„t

578 1493 740 1541 refidua,
773 1506 885 1547 quam
914 1506 996 1534 non
1028 1494 1167 1534 refidua
1201 1494 1369 1534 obieruat
1388 1524 1399 1544 ,
1431 1494 1592 1547 indeque
1625 1486 1730 1547 plur'a
1747 1507 1853 1548 egre·

580 1557 646 1609 —gia
679 1555 939 1596 Theoremata
978 1557 1212 1597 demonstrat
1244 1570 1257 1610 ι,
1301 1556 1420 1597 veluti
1466 1569 1655 1610 nunquam
1700 1559 1851 1598 euenire

585 1616 696 1673 poffe
714 1649 726 1668 ‚
760 1630 802 1659 vt
832 1618 936 1659 haec'
962 1619 1086 1660 forma
1117 1633 1150 1671 4
1167 1632 1202 1660 m
1216 1631 1240 1659 n
1258 1641 1298 1648 -—
1315 1632 1353 1660 m
1371 1640 1408 1648 —
1427 1631 1452 1659 n
1472 1649 1485 1670 ‚
1504 1620 1717 1674 quicunque
1736 1622 1850 1661 etiam

584 1682 735 1721 numeri
765 1693 838 1734 pro
867 1694 905 1722 m
939 1692 978 1722 et
1012 1683 1036 1722 n
1067 1682 1307 1734 assumantur,
1339 1682 1406 1722 fiat
1438 1694 1612 1722 numerus
1643 1683 1848 1736 quadratus.

584 1742 655 1785 His
684 1743 990 1797 speculationibus
1020 1754 1168 1785 tantum
1204 1757 1281 1785 nou
1312 1746 1506 1786 deducitur
1530 1746 1677 1786 Auctor
1693 1745 1847 1784 tandem

581 1807 627 1845 ad
661 1806 749 1846 illud
783 1807 1100 1858 elegantissimum
1140 1808 1360 1849 Theorema
1380 1840 1392 1859 ,
1430 1809 1523 1861 quod
1556 1819 1676 1847 omnes
1711 1807 1851 1846 numeri

565 1868 648 1923 fint
682 1876 889 1923 aggregata
922 1877 1076 1923 quatuor
1107 1871 1173 1912 vel
1192 1873 1404 1926 pauciorum
1435 1870 1699 1923 quadratorum
1715 1899 1728 1920 ‚
1744 1867 1849 1920 quod

578 1931 701 1971 etiam
735 1932 775 1974 F
774 1935 949 1974 ermenius
977 1945 1027 1973 ex
1060 1933 1350 1987 profundiffimis
1378 1942 1624 1970 numerorum
1664 1932 1850 1981 mysteriis

582 1994 850 2035 demonstrasse
884 1995 1076 2046 affirmat,
1111 2005 1151 2036 et
1189 1997 1289 2037 cuius
1327 1992 1658 2034 demonstrationis
1708 1994 1844 2032 iactum

584 2068 703 2110 aeque
734 2058 788 2098 est
817 2058 976 2098 dolenda
996 2090 1007 2108 ,
1040 2071 1081 2098 ac
1116 2067 1175 2097 tot
1206 2067 1377 2097 veterum
1414 2055 1629 2108 scriptorum
1659 2086 1670 2105 ‚
1714 2056 1847 2108 quibus

583 2129 652 2159 nos
681 2128 895 2175 temporum
928 2122 1064 2161 iactura
1096 2121 1268 2174 priuauit.
1335 2118 1415 2161 Etsi
1454 2119 1557 2158 enim
1610 2120 1760 2160 Auctor
1805 2119 1843 2158 in

1649 2180 1844 2235 postremo
