2062 2664
270 145 349 189 IN
384 141 1332 190 ANALYSIINFINITORV’M.
1401 159 1457 196 99

597 253 623 294 S
656 256 696 294 Ο
729 255 762 294 L
796 256 834 295 V
867 257 904 293 T
939 256 957 295 Ι
989 258 1041 296 O.

328 320 407 360 Etsi
459 317 654 370 problema
704 317 778 356 hoc
828 316 950 356 multo
992 320 1098 357 latius
1140 330 1266 371 patere
1297 321 1455 373 videtur,

182 396 295 439 quam
347 384 544 436 primum,
596 389 723 419 tamen
756 380 832 418 eius
880 379 1014 419 solutio
1055 393 1128 418 non
1162 383 1213 420 est
1247 383 1453 424 difficilior.

182 449 343 488 Ponatur
393 445 493 483 enim
533 439 677 493 sde
746 442 928 482 functioni
978 444 1184 495 cuicunque
1235 444 1458 496 algebmicae

182 511 287 563 ipsius
315 520 362 556 x,
393 519 487 559 quae
520 506 562 545 sit
595 519 647 545 Ξ
667 508 709 547 X
740 506 904 559 aequale,
938 507 1077 560 eritque
1112 505 1219 546 de
1238 520 1290 545 Ξ
1310 508 1385 547 ch
1418 518 1455 547 et

182 578 221 620 Z
242 564 390 630 :{{,
442 577 506 617 vbi
559 591 644 618 cum
697 562 746 630 ‘g
775 578 817 618 sit
868 590 1015 630 quoque
1063 575 1209 617 func‘tio
1249 578 1455 631 algebraica

180 642 283 695 psius
316 654 354 692 x,
389 641 585 681 habebitur
617 642 790 694 aequatio
823 642 1027 694 algebraica
1060 640 1156 679 inter
1186 654 1214 681 x
1245 651 1283 681 et
1302 655 1349 692 y,
1383 653 1454 694 qua

176 717 302 744 earum
333 704 465 743 relatio
497 704 703 758 algebmice
733 704 949 745 definietur:
984 704 1143 758 indeque
1173 706 1244 746 erit
1277 717 1345 759 per
1377 704 1452 756 hy-

177 767 351 823 pothesin
379 764 443 820 [Ζ
454 767 512 808 dx
531 781 584 808 ε
602 770 659 809 X.

565 879 966 924 COROLL.
1036 893 1074 920 1.

327 988 344 1014 1
357 987 397 1025 ς.
459 972 572 1018 six
602 989 680 1016 non
731 976 772 1016 fit
819 975 963 1016 fune'tio
1011 972 1218 1027 algebraica
1269 971 1378 1025 ipsius
1411 987 1449 1026 κ’,

173 1038 233 1078 sed
267 1039 343 1078 eius
376 1040 599 1091 quampiam
649 1038 814 1078 inuoluat
845 1038 1078 1119 functionem
1112 1037 1451 1089 transcendentem,

1081 1096 1104 1120 X

175 1109 296 1148 veiuti
327 1109 353 1149 fi
387 1109 429 1148 fit
461 1107 624 1148 xz?
645 1105 868 1163 ÷sde,
902 1110 950 1147 iti
982 1117 1025 1146 vt
1058 1126 1104 1157 n
1125 1091 1450 1164 :fid-Qu:

172 1171 419 1210 nihilominus
450 1170 595 1210 functio
625 1171 828 1222 algebraica
862 1170 969 1223 ipsius
999 1182 1049 1219 xz,
1083 1178 1164 1208 turn
1195 1170 1336 1209 orietur
1367 1184 1453 1211 cur-

172 1251 222 1280 va
272 1240 477 1293 algebraica
525 1238 597 1278 hac
648 1240 871 1292 aequatione
903 1236 942 1280 Z
961 1252 1015 1278 z
1034 1224 1161 1290 2724—
1180 1241 1228 1297 Q
1267 1243 1447 1296 expreffi,

170 1302 229 1342 sed
263 1304 370 1344 valor
419 1301 610 1354 integralis
641 1302 729 1342 inde
761 1302 933 1342 oriundus
949 1298 1093 1355 sde
1132 1315 1208 1344 non
1244 1305 1314 1343 erit
1346 1306 1450 1356 alge·-

171 1366 316 1406 braicus
336 1400 347 1420 ‚
396 1377 528 1407 verum
575 1365 812 1406 functionem
863 1366 1184 1407 transcendentem
1212 1363 1352 1422 sde
1395 1367 1446 1407 in-

170 1429 313 1470 voluer.

548 1492 582 1534 C
613 1493 653 1534 O
687 1494 722 1535 R
758 1493 797 1534 Ο
830 1492 864 1533 L
899 1493 948 1534 L.
1019 1505 1059 1533 2.

324 1591 394 1630 16.
460 1586 500 1630 Si
551 1601 622 1643 pro
670 1588 719 1643 Q
744 1587 926 1629 eiusmodi
974 1588 1219 1641 quantitatem
1260 1588 1443 1633 substitus*

174 1662 256 1691 mus
274 1684 284 1702 ,
334 1652 480 1705 qualem
510 1654 548 1692 in
599 1652 833 1705 problemate
886 1652 1132 1703 praecedente
1183 1652 1446 1706 descripsimus,

173 1723 252 1753 tum
284 1715 389 1754 valor
436 1717 587 1769 quidem
622 1714 836 1754 indefinitus
867 1712 1053 1754 formulae
1081 1711 1221 1767 [de
1263 1728 1340 1754 non
1377 1718 1446 1757 erit

173 1776 394 1828 algebraicus
414 1808 424 1828 ,
476 1778 533 1817 sed
582 1791 602 1818 a
635 1778 851 1830 quadratura
902 1779 1081 1830 quapiam
1121 1778 1202 1818 data
1252 1779 1444 1831 pendebit.

171 1839 258 1878 Hoc
292 1848 420 1878 tamen
453 1852 529 1880 non
561 1840 727 1880 obstante
760 1839 860 1880 effici
894 1841 1026 1892 potest,
1061 1849 1103 1880 vt
1134 1842 1208 1880 eius
1243 1841 1351 1881 valor
1385 1850 1443 1882 tot

169 1900 307 1940 casibus
326 1934 336 1952 ‚
368 1911 464 1953 quot
495 1903 654 1943 lubuerit
675 1934 686 1953 ‚
738 1912 776 1943 et
827 1902 980 1955 quidem
1013 1904 1105 1943 datis
1133 1902 1250 1949 veluti
1283 1915 1310 1943 x
1329 1917 1384 1942 z
1403 1916 1442 1954 a,

167 1964 321 2014 x:b‚
354 1976 507 2015 κει,
541 1974 612 2004 etc.
650 1965 714 2005 fiat
764 1965 998 2018 algebraicus.
1073 1966 1150 2006 Vbi
1182 1965 1337 2019 quidem
1373 1979 1442 2006 no-

169 2027 320 2067 tandum
372 2027 446 2079 est,
496 2028 533 2067 in
583 2027 727 2068 calculo
760 2027 816 2068 his
848 2029 986 2070 casibus
1017 2029 1334 2084 superaddendum
1366 2027 1440 2068 effe

168 2089 314 2144 semper
348 2090 468 2132 casum
502 2102 654 2132 xzo.

845 2155 888 2196 N
926 2168 950 2194 2
1198 2179 1208 2190 1
1276 2149 1438 2215 SCHQ-
