2062 2664
730 159 763 220 i(
794 174 850 215 4⁵
886 161 919 221 “)[

333 292 461 345 Ipsum
503 288 637 328 deinde
668 287 732 330 fibi
785 289 1019 341 propositum
1069 292 1264 342 negotium
1301 292 1468 346 exsequi-

181 368 266 406 tur,
298 351 516 396 deducendo
546 362 598 391 ex
627 351 936 392 obseruationibus
974 352 1221 405 longitudines
1248 366 1355 409 atque
1388 356 1467 396 luti-

180 422 320 462 tudines
349 416 477 456 Lunae
498 448 510 466 ,
541 428 628 469 quas
660 416 697 454 in
732 415 916 468 Vtriusque
950 415 1145 469 Eclipseos
1176 418 1282 456 initio
1299 431 1343 458 ac
1362 419 1436 459 fine
1456 451 1468 471 ,

181 494 263 524 vere
304 481 428 521 habuit
458 511 469 529 ,
511 478 649 531 hasque
698 490 785 519 cum
828 478 1124 531 longitudinibus
1181 490 1291 533 atque
1341 480 1470 521 latitu-

177 547 318 586 dinibus
355 577 364 596 ‚
413 543 458 582 ad
509 544 641 582 eadem
695 551 895 582 momenta
922 572 933 592 ‚
986 554 1036 582 ex
1085 541 1218 582 tabulis
1266 543 1470 584 Halieianis

174 608 366 659 dedu-stis,
397 605 552 646 confert.
626 603 893 659 Deprehendit
928 605 977 645 sic
1004 635 1016 654 ,
1058 606 1220 645 omnino
1252 606 1468 647 sensibiliter

173 683 194 710 a
226 670 336 710 coelo
371 671 535 710 aberrare
565 668 702 722 saepius
719 668 837 710 distas
858 669 995 710 tabulas
1015 700 1027 722 ,
1054 668 1212 723 falsaque
1230 669 1467 724 suppeditare

172 733 302 774 Lunae
340 734 439 773 loca.

322 796 497 836 Difficile
529 796 606 846 est,
641 796 708 836 nifi
741 797 868 849 plures
897 796 1168 837 obseruationes
1185 798 1276 837 aliae
1299 829 1311 848 ,
1335 796 1464 837 debita

169 861 402 900 accuratione
423 860 628 908 institutae,
650 860 686 898 in
705 861 887 900 auxilium
909 870 1091 899 vocentur
1107 892 1118 910 ,
1146 863 1351 906 extricare,
1368 870 1463 911 quae

170 925 363 976 praecipue
389 922 592 963 tabularum
627 921 763 962 Halleii
799 923 982 963 elementa
1022 931 1178 973 peccent
1201 951 1213 970 ‚
1247 933 1463 973 erroresque

170 987 256 1026 rstos
286 988 522 1040 progignunt.
556 984 693 1025 Solerti
721 986 874 1027 interim
910 985 1074 1025 instituta
1098 984 1348 1036 disquisitione
1369 1012 1382 1033 ‚
1411 995 1461 1022 eo

173 1052 350 1101 pertingit
387 1052 535 1089 tandem
571 1049 732 1097 auctor,
780 1058 824 1087 vt
875 1047 1073 1097 ostendat,
1123 1060 1196 1100 pro
1244 1045 1463 1087 reducendis

173 1111 304 1150 tabulis
337 1111 561 1158 Halleianis,
606 1110 651 1149 ad
694 1110 874 1149 exac'tum
921 1121 1013 1148 cum
1055 1109 1175 1149 coelo
1210 1108 1426 1149 consensum
1448 1141 1460 1161 ‚

170 1185 266 1224 opus
306 1174 374 1211 esse
396 1205 405 1222 ‚
437 1182 481 1211 vt
516 1171 712 1210 Parallaxis
743 1171 870 1210 Lunae
914 1170 1040 1210 horiz:
1077 1170 1269 1211 Halleiana
1298 1171 1456 1224 aliquan-

170 1244 252 1274 tum
288 1244 461 1286 angeatur
480 1265 490 1281 ,
524 1232 626 1272 Iocus
657 1246 753 1273 vero>
782 1234 871 1273 nodi
902 1233 1033 1273 Lunae
1065 1234 1206 1273 medius
1239 1246 1288 1274 ex
1321 1235 1474 1274 iisdem·
1528 1246 1532 1249 ·

170 1297 226 1337 his
259 1298 385 1336 tabulis
415 1296 625 1347 deductus,
659 1297 801 1348 aliquot
834 1298 985 1336 minutis
1018 1308 1292 1349 promoueatur
1311 1309 1458 1350 ,quan-

168 1370 226 1400 tae
275 1372 369 1400 vero
421 1360 617 1399 elementis
662 1359 868 1399 Halleianis
918 1359 1076 1413 praecise
1119 1359 1347 1399 adhibendae
1385 1360 1457 1399 fint

167 1424 431 1475 correctiones,
441 1423 616 1463 hactenus
634 1435 722 1463 cum
742 1423 964 1464 certitudine
975 1423 1227 1464 determinare
1241 1435 1318 1463 non
1333 1422 1459 1463 audet.

771 1548 848 1591 m.

169 1640 600 1699 Obseruationes
642 1638 1095 1711 Astronomicae‚
1137 1641 1231 1699 sub
1274 1640 1451 1701 finem

382 1727 509 1782 anni
554 1724 768 1805 Lipsiae
806 1744 955 1800 1751.
998 1718 1237 1787 habitae.

349 1826 392 1863 a.
441 1808 684 1867 Godofr.
727 1807 958 1869 Heinfio
1009 1832 1064 1892 p.
1115 1812 1267 1886 467.

165 1892 480 2029 Obseruatae
528 1946 654 1977 autem
696 1937 776 1977 sunt
823 1937 1040 1979 Occultatio
1096 1936 1195 1978 Iouis
1236 1937 1438 1991 partialis-a

327 1998 433 2038 Luna
455 2030 464 2047 ,
484 2011 576 2051 quae
593 2000 631 2039 d.
657 2013 713 2048 29
744 1999 970 2041 Decembris
998 2003 1039 2042 st.
1074 2014 1111 2041 na
1144 2001 1229 2040 ann'i
1257 1999 1451 2055 supradicti

162 2062 321 2110 accidit,
373 2072 410 2100 et
454 2062 619 2115 Eclipses
671 2062 884 2103 Satellitum
928 2065 1032 2105 Iouis
1062 2066 1098 2106 d.
1134 2074 1190 2112 27
1226 2063 1451 2110 Decembris

163 2123 204 2162 st.
244 2135 266 2161 n
313 2125 359 2163 de
391 2126 518 2177 quibus
550 2127 589 2165 in
620 2126 853 2181 compendio
891 2131 1076 2181 quaedam
1109 2128 1250 2175 dicere,
1280 2125 1449 2178 superua-

161 2197 316 2227 caneum
349 2185 456 2226 foret.

1369 2248 1444 2291 lv.
