2062 2664
324 178 553 223 DIVISO
601 174 875 220 FRVC'TV
919 173 1134 219 srcco.
1284 182 1372 224 μς

120 296 253 338 stactus
284 305 369 334 cum
403 289 538 330 eodem
576 289 723 340 penitus
754 291 993 330 conueniant.
1061 291 1264 332 Rationem
1308 302 1380 329 ve-

122 373 179 408 ro,
212 371 273 398 cur
304 353 521 408 separauerit
556 351 602 390 ab
651 350 863 403 Alkekeugi
899 351 1084 392 Linnaeus
1106 384 1116 402 ,
1171 366 1254 393 eam
1303 351 1378 392 effe

120 421 267 471 scribit,
316 419 398 472 quia
430 415 520 456 solus
552 412 668 464 calyx
701 413 800 452 inter
830 425 967 465 genera
1001 415 1174 466 Atropae
1205 426 1243 453 et
1277 415 1381 465 Phy-

119 485 236 526 falidis
277 482 413 522 limites
458 487 579 519 certos
620 474 846 524 constituat,
899 477 1065 530 hancque
1099 476 1259 529 speciem
1295 478 1381 517 illud

125 557 230 588 certo
261 546 427 585 euincere
461 549 641 581 autumat.
710 536 983 580 Confidemnda
1035 542 1155 593 itaque
1190 540 1242 579 est
1291 539 1381 579 defi·

123 611 216 651 nitio
243 607 386 661 generis
416 608 610 656 Atropae,
652 615 765 656 quarn
800 602 902 642 dedit
934 604 973 642 in
1006 604 1168 643 editione
1187 600 1385 642 Generum

126 672 251 727 quinta
283 668 416 710 Holm.
464 679 590 717 ¹754-
630 669 670 705 8.
704 679 741 705 η.
778 676 879 706 222.
909 666 1011 706 cuius
1042 668 1210 717 calycem
1247 677 1388 706 mono-

125 734 296 790 phyllum
345 730 712 784 quinquepartitum,
746 729 901 781 gibbum
923 760 934 778 ,
985 730 1123 769 laciniis
1154 732 1268 769 acutis
1302 741 1390 782 per-

124 797 318 846 fistentem,
351 795 423 834 effe
454 793 641 844 adfirmat„
675 804 763 831 cum
796 804 899 833 antea
936 793 974 832 in
1009 793 1175 833 editione
1192 789 1388 833 Generum

128 860 282 901 secunda
332 856 451 909 Lugd.
487 854 572 896 Bat.
611 866 741 903 1742.
775 867 838 894 no.
879 867 977 906 197,
1009 854 1390 908 semiquinquifidum‚

127 922 295 976 gibbum,
322 921 458 961 laciniis
476 918 737 967 ouato-acuti5‚
771 917 1047 969 persistentem,
1076 917 1183 957 illum
1217 918 1287 956 effe
1319 919 1393 957 do-

125 994 262 1026 cuemt.
329 983 394 1024 Ex
425 983 519 1022 hisce
552 982 647 1021 notis
678 967 847 1031 cal'yc‘isff
883 989 994 1032 prout
1025 988 1134 1020 antea
1166 991 1217 1020 ex
1249 991 1298 1019 eo
1337 991 1396 1019 re·

128 1048 207 1099 tuli,
236 1048 274 1086 in
307 1046 429 1098 planta
462 1045 687 1098 conspicuis,
721 1055 809 1096 prae
843 1043 992 1095 reliquis
1024 1043 1102 1083 aliis
1135 1044 1182 1094 ab
1219 1056 1268 1083 eo
1300 1054 1393 1096 pen-

129 1110 270 1159 fitatis‚
320 1107 528 1159 Alkekengi
581 1118 740 1146 numero
774 1107 934 1144 exemit.
997 1103 1090 1145 Sunt
1123 1115 1248 1146 tamen
1282 1115 1397 1146 notae

128 1172 216 1212 istae
249 1170 385 1221 calycis
418 1169 590 1222 Atropae
629 1167 785 1209 Linnaci
817 1179 896 1207 non
931 1176 1009 1207 tam
1041 1169 1311 1208 determinatae
1347 1169 1397 1210 ei-

127 1243 200 1284 que
230 1227 349 1269 solum
381 1227 558 1281 propriae
577 1262 588 1280 ,
633 1232 722 1282 quin
753 1241 830 1269 non
860 1230 1082 1269 conueniant
1113 1231 1231 1270 etiam
1264 1230 1401 1282 Physa-

127 1293 213 1334 lidis
245 1290 432 1343 speciebus
464 1289 667 1329 nonnullis.
732 1290 893 1331 Accedit
924 1302 963 1332 et
995 1292 1099 1344 hoc,
1132 1293 1233 1345 quod
1263 1293 1400 1333 defini-

130 1356 191 1396 tio
243 1353 381 1405 calycis
410 1351 645 1403 Physalidis,
691 1364 807 1405 quam
846 1352 936 1392 loco
968 1355 1084 1394 citato
1116 1354 1156 1394 in
1191 1353 1401 1396 Generibus

131 1429 199 1458 no.
232 1427 333 1466 223.
364 1415 497 1465 dedit,
549 1412 626 1455 fere
669 1427 802 1455 omnes
852 1415 940 1456 istos
989 1416 1219 1458 characteres
1252 1418 1400 1469 habeat,

131 1492 177 1522 ac
208 1477 288 1519 sunt
336 1479 373 1519 in
422 1477 573 1528 nostra,
618 1490 733 1530 quam
762 1477 1070 1530 consideramus,
1120 1481 1259 1533 planta.
1325 1479 1405 1521 Sed

133 1541 371 1598 pergendum
403 1540 455 1581 est
487 1541 533 1580 ad
569 1539 638 1579 alia
661 1570 673 1589 ,
717 1551 765 1578 ne
796 1538 832 1577 in
868 1541 976 1579 vnica
1010 1550 1158 1582 tantum
1191 1553 1280 1582 nota
1309 1543 1404 1583 hae-

133 1617 314 1656 reamus,
356 1616 443 1644 cum
480 1602 583 1653 plura
616 1599 717 1653 signa
751 1600 987 1642 inueniant-ur
1016 1602 1154 1656 adhuc,
1187 1607 1403 1645 attentione

137 1667 261 1708 nostra
300 1675 340 1706 et
388 1663 686 1706 consideratione
733 1663 952 1716 dignissima.
1047 1665 1135 1707 Flos
1186 1667 1404 1720 proceritati

138 1728 288 1783 plantae
335 1727 544 1766 conformis
579 1735 619 1765 et
653 1724 772 1765 forma
806 1727 861 1766 sua
893 1726 1085 1781 spectabili
1117 1730 1303 1782 iucundus,
1338 1741 1401 1770 co·

139 1791 236 1832 rolla
268 1789 585 1842 campaniformi,
632 1787 761 1833 limbo
800 1802 945 1843 magno
996 1795 1033 1832 in
1067 1793 1227 1845 quinque
1256 1793 1409 1834 lacinias

140 1851 309 1907 aequales
326 1883 338 1903 ‚
386 1852 483 1892 haud
515 1851 712 1906 profundas
728 1884 738 1903 ‚
772 1853 885 1893 diuiso
903 1884 916 1904 ,
950 1855 1240 1908 quodammodo
1288 1858 1405 1896 etiarn

139 1915 279 1971 plicato
309 1924 348 1953 et
380 1915 571 1966 vndulato,
602 1926 641 1955 et
673 1916 764 1955 tubo
799 1916 862 1956 suo
894 1918 996 1958 breui
1030 1927 1068 1958 et
1108 1918 1214 1959 resto
1233 1951 1244 1971 ‚
1297 1929 1406 1959 notas

139 1978 242 2020 floris
272 1975 481 2029 Alkekengi
513 1978 637 2030 plures
666 1977 790 2018 refert.
872 1979 918 2020 In
948 1979 1175 2024 Belladonna
1206 1982 1275 2023 flos
1307 1981 1405 2022 sem-

140 2052 212 2099 pet
262 2038 509 2094 irregulariter
556 2041 804 2096 quinquifidus
852 2051 892 2082 et
942 2046 1033 2089 tubo
1069 2045 1175 2089 floris
1223 2046 1406 2099 longiore,

803 2101 924 2157 5⁵3
1319 2116 1409 2160 qao-
