2062 2664
559 218 617 258 88
649 212 726 256 DE
745 205 1044 256 METHODO
1065 204 1495 252 DIOPHANTEAE
1514 208 1789 253 ANALOGA

559 325 721 367 iusmodi
754 323 989 377 problemata
1033 323 1371 364 accommodatam
1425 324 1653 364 methodum
1706 323 1831 376 inqui-

561 389 679 431 siuit‚
727 400 794 441 qua
847 400 963 427 nouus
1012 388 1173 427 omnino
1222 388 1404 438 analyseos
1452 388 1686 427 infinitorum
1734 383 1832 440 quasi

561 464 718 505 campus
767 452 979 504 aperiretur.
1077 451 1166 503 fgo
1215 451 1327 503 igitur
1368 450 1489 504 longo
1522 451 1603 504 post
1638 450 1831 490 interuallo

561 515 706 557 fortaffe
742 515 957 567 primus-de
992 513 1185 566 principiis
1217 526 1336 553 nouae
1382 514 1488 554 huius
1539 514 1713 554 methodi
1765 524 1833 552 co-

563 580 683 632 gitare
717 580 858 630 coepi,
902 589 1060 630 quorum
1094 576 1282 616 beneficio
1317 579 1524 617 memorati
1554 577 1650 617 illius
1682 576 1834 629 proble-

563 643 672 682 matis
703 640 838 680 solutio
870 639 1015 680 diree'te
1048 640 1120 680 sine
1153 641 1369 692 ambagibus
1401 653 1442 680 ac
1473 639 1703 680 diuinatione
1736 639 1835 679 obti-

562 707 643 744 neri
677 705 809 756 postet.
897 702 1043 744 Detexi
1076 716 1223 756 quoque
1256 704 1396 755 regulas
1428 704 1601 756 quasdam
1634 715 1711 742 non
1742 714 1834 742 con-

562 766 818 816 temnendas,
868 778 963 818 quae
1011 766 1056 805 ad
1104 778 1226 806 nouae
1257 767 1354 807 istius
1389 766 1833 806 methodi‘fimdamenta

562 830 730 869 iacienda
781 829 913 869 idonea
960 829 1039 868 sunt
1091 829 1196 881 visa,
1263 842 1465 883 earumque
1494 841 1569 882 ope
1603 842 1681 869 non
1717 830 1831 869 solum

562 891 685 945 plures
719 891 970 944 problematis
1002 891 1127 943 illius,
1193 894 1292 946 qnod
1345 905 1426 933 erat
1474 893 1675 945 agitatum,
1739 893 1836 931 solu-

564 956 685 995 tiones
732 954 809 993 sum
863 957 1046 1007 adeptu5‚
1097 954 1155 996 sed
1207 957 1319 997 etiam
1352 957 1531 997 nonnulla
1563 956 1632 996 alia
1666 957 1834 996 eiusdem

562 1017 709 1071 generis
771 1017 1005 1069 problemata
1055 1019 1143 1058 dedi
1184 1019 1326 1070 spiuta,
1391 1020 1595 1059 cuiusmodi
1629 1020 1678 1058 est
1712 1018 1834 1067 illud,

563 1080 663 1120 cuius
730 1078 953 1118 solutionem
1012 1080 1163 1119 exhibui
1214 1083 1252 1120 in
1307 1081 1581 1121 Differtatione
1621 1080 1669 1119 de
1699 1080 1840 1118 duabus

560 1142 680 1184 curuis
728 1141 945 1194 algebraicis
996 1141 1041 1180 ad
1089 1154 1336 1182 communem
1390 1155 1501 1184 axem
1554 1143 1677 1182 relatis
1733 1141 1837 1182 inue-

564 1206 709 1246 nieudis
729 1236 738 1254 ,
805 1217 898 1256 quae
966 1216 1042 1243 non
1107 1206 1176 1244 fint
1235 1205 1520 1257 testificabiles,
1569 1204 1629 1244 sed
1677 1215 1837 1256 quarum

564 1267 793 1310 rectificatio
840 1279 862 1307 a
910 1267 996 1306 data
1046 1269 1263 1320 quadratura
1306 1268 1497 1321 pendeat,
1547 1267 1597 1306 ita
1631 1276 1761 1306 tamen
1795 1274 1838 1306 vt

564 1333 765 1372 amborum
798 1341 950 1370 arcuum
983 1330 1110 1370 eidem
1144 1330 1312 1370 abscissae
1344 1328 1643 1383 respondentium
1692 1327 1838 1370 summa

564 1394 772 1446 algebtaice
804 1393 971 1446 exprimi
1006 1393 1127 1446 poffit.
1191 1394 1356 1434 Fontem
1391 1394 1606 1443 solutionis,
1638 1404 1752 1445 quam
1789 1391 1840 1430 ibi

567 1457 679 1504 dedi,
730 1457 777 1496 de
811 1456 985 1496 industria
1019 1457 1135 1496 celaui
1158 1487 1168 1507 ‚
1217 1469 1304 1496 cum
1338 1456 1434 1496 mihi
1467 1454 1555 1494 estet
1597 1454 1836 1508 propositum

567 1520 693 1573 prima
739 1519 840 1571 quasi
894 1519 1000 1559 huius
1034 1519 1204 1559 methodi
1238 1520 1423 1559 elementa
1457 1518 1602 1559 seorsim
1635 1511 1856 1570 explicare,‘

565 1594 643 1636 quo
674 1594 808 1622 eorum
840 1579 925 1621 vsus
958 1582 1204 1635 amplissimus
1232 1583 1364 1622 clarius
1395 1581 1635 1635 perspiciatur
1656 1612 1666 1632 ‚
1720 1591 1838 1630 neque

558 1657 610 1685 aea
641 1646 688 1686 ad
720 1645 796 1685 hoc
831 1646 985 1685 vnicum
1021 1647 1219 1699 problema
1253 1646 1418 1686 adstricta
1446 1646 1651 1685 videantur.
1717 1642 1841 1682 Fateri

565 1709 718 1761 quidem
753 1708 875 1747 statim
910 1721 1028 1761 cogor
1049 1739 1060 1757 ,
1103 1721 1166 1748 me
1200 1710 1324 1764 leuem
1358 1709 1479 1748 adhuc
1513 1718 1662 1761 partem
1696 1715 1840 1745 tantum

567 1770 674 1811 huius
707 1783 829 1811 nouae
863 1772 1069 1823 methodi,
1100 1785 1212 1824 quam
1246 1772 1309 1811 hic
1344 1783 1549 1824 propon0‚
1597 1768 1837 1818 enucleasse3

567 1845 702 1873 verum
753 1834 811 1873 his
859 1835 1048 1886 principiis
1098 1835 1289 1884 stabilitis,
1342 1847 1420 1874 non
1468 1835 1627 1884 dubim,
1678 1832 1766 1884 quin
1798 1841 1842 1869 ea

568 1907 668 1936 mox
702 1897 842 1936 maiora
875 1898 1103 1936 incrementa
1140 1898 1183 1938 sit
1216 1908 1431 1950 acceptura.

715 1957 864 1999 Diuisio
914 1960 1022 2000 huius
1073 1961 1248 2001 methodi
1282 1963 1318 2000 in
1353 1970 1472 2012 partes
1505 1956 1703 1996 secundum
1737 1964 1842 1994 natu-

570 2033 652 2062 mm
684 2021 932 2062 formularum
967 2024 1231 2076 integralium,
1274 2033 1427 2074 quarum
1464 2020 1609 2059 valores
1649 2017 1842 2070 algeb1·aici

572 2083 650 2124 ssmt
699 2083 924 2136 efficiendi,
972 2084 1282 2125 commodissime
1326 2084 1537 2124 instituetur.
1602 2080 1703 2120 Cum
1738 2081 1841 2120 enim

571 2146 718 2203 semper
766 2147 900 2190 *relatio
946 2149 1044 2190 inter
1091 2148 1179 2189 duas
1218 2148 1438 2202 quantitates
1467 2144 1660 2188 variabiles
1691 2155 1719 2184 x
1753 2153 1790 2182 et
1810 2157 1844 2195 y

1651 2215 1843 2262 quaeratur
