2062 2664
349 155 884 218 QVADRVPEDVM
919 157 1342 205 DESCRIPTIO.
1411 170 1495 211 355

213 272 282 312 lias
316 272 500 313 molestias
530 271 646 310 multa
678 270 874 322 voluptate
909 273 1069 322 perfusus
1101 273 1177 312 sum
1200 305 1210 323 ,
1261 274 1410 325 quando
1442 274 1502 312 in·

213 349 391 376 numeros
438 335 618 374 eiusmodi.
668 332 766 371 foeni
801 345 966 381 aceruos,
1010 335 1074 385 qui
1109 336 1310 385 plurimam
1343 349 1495 388 partem

220 398 476 450 Ceratocatpo
507 395 746 443 constabant,
777 396 912 435 intueti
945 397 1061 435 licuit.

362 462 474 517 Quod
508 459 665 498 internas
699 459 909 498 animalculi
947 468 1069 511 partes
1118 460 1337 511 concernit,
1386 463 1495 502 oeso-

217 525 385 577 phagus,
420 525 473 563 vti
503 522 539 559 in
573 522 707 573 lepore
738 532 775 559 et
808 522 990 571 cuniculo,
1029 521 1161 560 medio
1195 524 1405 567 ventriculo
1437 526 1493 564 in.

213 588 353 627 ieritur.
418 584 634 625 Intestinum
688 596 845 623 coccum
883 585 993 624 breue
1026 585 1232 625 admodum
1258 617 1268 636 ‚
1319 587 1375 626 led
1410 601 1493 627 am-

213 650 321 701 plum
364 650 442 700 est,
499 648 536 685 in
590 647 794 699 processum
847 647 1117 687 vermifurmcn
1138 680 1149 699 ,
1202 649 1294 687 duos
1335 650 1492 701 pollices

209 713 391 764 longum,
445 712 582 750 abiens.
651 708 921 750 Choledochus
955 723 1054 750 mox
1090 712 1181 750 infra
1216 712 1396 762 pylorum
1432 715 1493 753 in-

212 775 386 814 testinum
449 774 552 814 subit.
634 773 767 812 Vessca
819 775 978 813 vrinaria
1030 775 1161 813 citrina
1211 787 1303 826 aqua
1361 776 1487 828 plena..

210 836 321 877 'Vteri
371 836 467 877 nulla
516 837 622 889 plane
676 837 877 876 distinctio.
945 836 1092 888 Vagina
1124 837 1227 875 enim
1263 839 1399 878 canaiis
1432 840 1486 878 in-

211 899 282 940 star
314 900 388 940 sine
429 900 510 940 vilis
544 898 712 938 artificiis
744 900 781 938 in
815 900 959 951 pubem
996 911 1107 950 vsque
1138 900 1308 951 protensa
1341 901 1379 939 in
1412 902 1487 941 duo

210 975 310 1002 mox
342 976 478 1003 cornua
512 963 712 1013 diuiditur,
747 974 860 1015 quae,
898 962 962 1001 vbi
996 961 1135 1001 ouariis
1167 963 1486 1016 appropinquant,

201 1027 341 1067 multas
390 1026 613 1065 inflexiones
661 1026 830 1075 faciunt,
881 1033 919 1063 et
967 1025 1008 1062 in
1051 1025 1186 1063 ouariis
1221 1025 1483 1067 terminantur.

205 1089 346 1128 Penem
380 1088 557 1128 masculus
589 1087 701 1126 habet
735 1086 816 1124 satis
846 1099 1025 1138 magnum
1049 1112 1060 1133 ‚
1106 1087 1165 1124 cui
1195 1085 1289 1124 circa
1339 1088 1484 1130 veficae

202 1152 385 1189 vrinariae
427 1152 568 1190 collum
615 1149 793 1189 vesiculae
835 1149 1024 1188 seminales
1058 1150 1206 1188 vnciam
1243 1161 1331 1189 cum
1364 1152 1484 1192 dimi⁴

169 1228 174 1232 »
205 1211 266 1250 dia
299 1211 448 1263 longae,
502 1211 659 1261 graciles
697 1221 735 1248 et
765 1212 1067 1250 extremitatibus
1098 1212 1257 1250 intortae
1288 1213 1476 1255 adiacent.

197 1273 384 1313 For-amen
419 1281 480 1312 aut
513 1271 607 1310 finus
637 1272 814 1323 quosdam
849 1273 944 1311 inter
977 1286 1090 1312 anum
1123 1283 1163 1312 et
1198 1286 1334 1324 penem
1355 1307 1366 1326 ,
1416 1286 1479 1317 aut

196 1337 296 1376 intet-
327 1348 438 1375 anum
472 1344 508 1373 et
540 1334 705 1383 vuluam,
739 1334 841 1374 nullo
873 1334 994 1374 modo
1027 1336 1137 1388 potui
1168 1336 1401 1390 discernere,
1432 1338 1482 1379 li-

199 1408 261 1439 cet
296 1400 436 1451 qnasnis
469 1399 508 1437 in
543 1397 780 1449 indagatione
813 1398 874 1437 ista
907 1398 1063 1438 cautelas
1096 1397 1350 1440 adhibuerim.
1478 1392 1482 1394 ⁵

316 1462 379 1502 Ex
429 1461 526 1501 hisce
561 1460 685 1514 palam
717 1460 794 1507 est,
837 1462 1100 1500 animalcnlum
1136 1461 1211 1500 effe
1243 1462 1354 1513 plane
1383 1477 1475 1507 ano-

196 1525 355 1565 malum.
390 1524 572 1564 Auriculis
606 1524 707 1561 enim
740 1522 925 1572 leporem,
959 1523 1078 1561 rostro
1108 1523 1270 1576 talpam,
1306 1525 1477 1578 longitu-

192 1587 281 1628 dine
314 1589 451 1628 caudae
492 1597 643 1625 murem
683 1593 723 1622 et
761 1595 873 1623 more
922 1584 1109 1625 cuniculos
1157 1586 1326 1627 fodiendi
1367 1590 1472 1629 cuni-

197 1652 322 1690 culum
358 1649 481 1689 refcxt.
547 1647 705 1687 Intetnis
738 1657 866 1687 autem
900 1648 1062 1700 partibus
1094 1648 1189 1688 nihil
1221 1663 1307 1690 cum
1342 1663 1473 1692 recen-

196 1712 353 1752 sitorum
386 1723 569 1764 generum
603 1709 823 1750 animalibus
843 1743 854 1762 ,
893 1721 1042 1763 praeter
1076 1711 1280 1765 oesophagi
1311 1713 1348 1752 in
1384 1727 1471 1754 me-

194 1775 299 1815 dium
336 1775 580 1815 ventriculum
613 1773 874 1826 insertionem,
903 1785 1114 1815 commune
1165 1776 1230 1815 est.
1297 1773 1469 1818 Cuniculi

193 1839 411 1878 Americani
462 1837 614 1890 porcelli
648 1836 727 1888 pilis
758 1846 798 1876 et
833 1849 928 1877 voce
960 1837 1147 1889 Margrau.
1185 1839 1318 1878 fabrica
1352 1840 1468 1880 intet-

195 1913 325 1941 narum
362 1901 523 1952 partium
555 1900 600 1939 ab
632 1899 708 1939 hoc
741 1913 819 1939 non
853 1901 1013 1941 multum
1048 1901 1237 1942 abludunt.
1300 1900 1374 1942 Sed
1425 1913 1465 1943 et

194 1963 289 2004 haec
323 1963 375 2003 sai
409 1963 552 2014 generis
580 1964 661 2002 sunt
689 1963 927 2003 animalcula.
1009 1964 1121 2018 Quae
1154 1978 1241 2004 cnm
1276 1966 1324 2004 ita
1378 1966 1461 2016 fint,

192 2040 328 2082 patum
363 2025 490 2078 abfuit,
523 2026 611 2079 quin
647 2023 710 2066 Cl.
744 2025 1104 2069 Mefferschimiclius
1136 2030 1351 2081 genericum
1389 2039 1462 2066 no-

805 2088 845 2129 Y
864 2102 893 2140 y
929 2102 953 2127 2
1364 2101 1457 2132 men
