2062 2664
688 170 721 227 )(
758 185 811 223 29
847 171 878 228 )(

150 296 386 340 Gubernator
406 297 479 336 toti
498 300 711 350 prouinciae
730 299 909 350 regendae
937 298 1141 351 praesentis
1160 331 1170 349 ,
1190 301 1249 340 vir
1267 300 1426 354 integer-

149 366 310 402 rimuset
330 361 440 412 siquis
457 360 544 400 alins
562 362 748 402 laboribus
766 361 898 400 nostris
914 362 1097 400 litterariis
1114 362 1251 412 fauens,
1270 364 1426 405 Alexim

147 426 272 468 Leonis
289 423 399 473 filius
434 420 733 477 Plesthtscheew,
768 425 873 465 dulce
902 425 1020 463 oculis
1054 424 1304 477 [pest-‘iculum
1357 439 1424 466 ex-

146 490 288 528 hiberet
310 519 320 537 ‚
352 489 441 526 duas
475 488 618 528 Martes
650 485 857 528 Zibeliinas
877 519 888 539 ‚
919 489 1024 527 viuas
1046 520 1056 538 ‚
1108 487 1333 540 Petropolin
1385 490 1421 527 in

143 551 263 590 aulam
296 546 584 603 Imperatoriam
637 552 852 592 mittendas.
927 551 1021 591 Non
1074 551 1242 602 neglexit
1296 551 1423 591 noster

141 623 217 653 tam
251 624 468 666 opportune
501 615 564 653 sibi
599 616 769 654 oblatam
803 613 1073 666 occasionem3
1125 615 1301 654 animalis
1349 627 1423 654 ex-

139 685 285 717 ternam
320 677 486 717 formam
518 678 705 731 descriptit
727 710 738 731 ,
772 687 807 716 et
838 677 992 729 depingi
1025 677 1168 715 curauit
1189 706 1198 723 ,
1239 688 1330 731 quae
1372 679 1419 718 de

137 740 302 779 moribus
336 740 411 780 eius
441 742 576 780 narrari
611 743 777 792 audiuit,
810 741 938 779 litteris
989 739 1235 791 consignauit.
1317 740 1422 781 Plura

137 802 346 854 praestziffet
369 832 380 846 ,
431 804 496 844 nisi
548 805 743 843 destinatio
793 804 1013 842 animalium
1067 803 1104 841 id
1157 803 1414 854 prohibuiffet.

134 865 296 906 Euentus
328 868 454 906 docuit
475 897 483 907 ,
520 868 667 920 optime
697 867 816 906 fecifle
850 866 956 905 illum
981 865 1108 918 ‚quod
1127 864 1417 918 descriptionem

133 941 210 968 non
244 930 420 969 distulerit
441 960 452 980 ,
487 931 606 970 donec
637 931 850 982 perueniret
885 928 922 966 in
956 939 1016 966 eus
1056 927 1228 977 regiones
1265 959 1292 978 ,.
1321 941 1416 980 quae

131 991 217 1031 alias
251 990 516 1032 Zibellinarum
550 994 659 1046 copia
694 993 854 1032 celebres
887 988 1095 1029 laudantur.
1165 988 1269 1029 Nam
1312 991 1417 1042 post-

132 1057 316 1103 modum,
351 1066 427 1095 tota
463 1056 546 1095 licet
582 1066 775 1108 peragrata
810 1053 973 1099 sibim,
1009 1064 1198 1104 nunquam
1251 1053 1414 1106 amplius

132 1116 199 1168 ipsi
232 1118 369 1168 obtigit
389 1148 399 1166 ‚
439 1117 637 1157 Mustelam
680 1116 908 1156 Zibellinam
941 1115 1067 1155 vinam
1090 1143 1100 1157 ‚
1134 1114 1217 1153 imo
1237 1127 1284 1154 ne
1303 1127 1416 1157 mor.

130 1183 231 1216 tuum
266 1180 447 1230 quidem,
483 1180 603 1231 pelles
636 1181 814 1230 excipio,
847 1177 992 1215 videre.
1060 1177 1202 1231 Quodsi
1236 1178 1293 1217 cui
1335 1181 1415 1220 mi-

127 1252 210 1279 rum
246 1241 455 1288 videbitur,
490 1252 618 1280 notare
657 1252 796 1292 operae
839 1240 999 1292 pretium
1042 1240 1097 1280 est
1123 1269 1134 1289 ,
1187 1238 1280 1280 haec
1331 1243 1411 1283 ani·

125 1303 237 1343 malfia
258 1335 267 1350 ‚
299 1316 391 1357 qnae
425 1303 518 1343 olim
555 1305 685 1344 omnia
720 1304 825 1344 triuia
860 1302 1129 1356 occupabant,
1182 1314 1280 1342 nunc
1331 1315 1410 1347 tam

123 1366 253 1419 frocul
286 1366 450 1407 habitare
471 1399 481 1416 ‚
516 1377 558 1407 vt
592 1379 670 1406 non
705 1368 769 1408 nisi
801 1366 961 1419 plurium
995 1368 1142 1406 dierum
1174 1366 1336 1418 itinere,
1386 1382 1409 1410 a

123 1431 274 1481 qunuiS,
307 1432 421 1470 etiam
454 1430 700 1471 remotiffima
721 1463 731 1480 ,
783 1429 938 1470 Sibiriae
971 1429 1064 1469 vrbe
1103 1455 1117 1478 ‚
1170 1431 1409 1483 perueniatur

121 1494 167 1532 ad
203 1504 245 1532 ea
276 1494 388 1545 loca,
422 1506 513 1547 quae
547 1507 567 1534 a
602 1494 840 1534 venatoribus
860 1524 870 1539 ‚
906 1487 1176 1533 Zibellinarum
1226 1503 1406 1546 capturae

121 1555 298 1607 intentis,
330 1557 620 1610 frequentantur.
657 1557 758 1612 Quid
790 1554 932 1595 feciffet
964 1554 1191 1597 Gmelimts?
1220 1557 1403 1609 Aliquem

121 1630 166 1657 ex
202 1620 331 1659 nostris
362 1633 410 1660 eo
445 1621 595 1660 mittere
615 1652 625 1671 ,
660 1620 784 1659 miuus
816 1629 937 1659 tutum
981 1619 1209 1673 videbatur3
1242 1621 1368 1661 iubere
1389 1651 1402 1672 ‚

121 1689 165 1719 vt
198 1694 388 1723 venatores
421 1684 596 1724 animalia
619 1713 628 1728 ‚
661 1696 753 1737 quae
788 1692 995 1735 caperent,
1031 1683 1172 1735 integra
1190 1683 1399 1736 adferrent,
1476 1681 1479 1683 ’

121 1743 252 1783 nullius
283 1746 448 1786 vtilitatis
478 1746 601 1787 fuiffet.
672 1746 849 1799 Namque
881 1745 1059 1785 homines
1107 1745 1164 1786 isti
1199 1777 1210 1794 ,
1263 1745 1397 1787 Deum

118 1805 394 1860 hominumque.
428 1809 522 1847 iram
553 1811 767 1850 muneribus
786 1810 927 1863 placare
945 1808 1069 1849 assueti
1088 1841 1098 1859 ,
1115 1808 1213 1848 nihil
1230 1808 1396 1850 fiine'tum

114 1867 285 1918 habent,
320 1871 386 1910 nisi
418 1872 522 1921 qnod
566 1872 708 1913 lucrum
742 1872 810 1913 illis
864 1872 971 1912 affert
1003 1904 1014 1923 ,
1052 1883 1171 1926 neque
1216 1870 1324 1912 filcile
1374 1885 1395 1913 a

111 1931 312 1985 praefeffis
342 1933 494 1972 vrbinm
527 1934 574 1973 ad
613 1934 712 1975 aliud
762 1936 849 1988 quid
898 1935 1123 1988 obligantur.
1205 1934 1396 1976 Praeterea

111 1997 209 2035 mira
242 1995 449 2047 superstitio
479 1997 574 2036 inter
608 1997 690 2037 illos
720 2007 849 2050 regnat
870 2027 882 2046 ‚
915 2011 983 2050 qua
1026 1998 1178 2051 piaculo
1224 1998 1392 2049 habent,

110 2058 158 2105 fi,
189 2059 355 2099 detradta
384 2059 478 2112 pelle
497 2092 508 2111 ,
542 2061 716 2101 cadauera
747 2056 1024 2101 Zibellinarum
1059 2062 1105 2102 ab
1132 2063 1287 2114 impuris
1306 2073 1392 2101 rna-

110 2120 216 2163 nibus
243 2123 539 2166 attrectarentur.
605 2124 700 2167 Non
737 2125 861 2177 secus,
911 2137 955 2166 ac
1007 2124 1035 2166 si
1081 2126 1389 2180 propinquorum

688 2186 732 2229 D
760 2201 783 2238 3
1279 2184 1395 2225 cada-
