2062 2664
327 172 825 221 THEOREMATIS
889 174 1337 220 FERMATIANI.
1404 185 1453 226 ςι

190 289 456 343 quadratorum
511 285 673 338 assignari
727 287 848 338 potest
881 299 948 338 per
981 300 1179 328 numerum
1209 298 1236 344 p
1269 288 1465 330 diuifibilis.

192 353 358 408 Qiando
389 361 514 389 autem
549 353 710 388 duorum
742 349 1002 400 quadratorum
1039 350 1182 389 summa
1200 353 1317 401 datur,
1344 350 1468 391 multo

195 417 314 469 magis
344 413 490 452 dabitur
522 411 669 450 summa
706 412 817 450 trium
859 411 1156 462 quadratorum,
1206 425 1294 452 cum
1348 415 1468 454 forma

194 491 255 520 aa
274 485 335 524 -μ
353 475 411 517 bb
438 475 675 515 contineatur
707 475 744 513 in
776 473 899 514 forma
931 488 992 515 aa
1012 482 1076 520 -1—
1097 474 1155 516 bb
1174 481 1238 522 -1-
1258 487 1318 517 cc.

576 583 1087 629 SCHOLION.

345 695 416 742 89.
459 688 586 732 Simili
626 691 747 732 modo
782 691 1085 742 demonstratur,
1131 691 1158 732 s1
1192 691 1230 731 in
1263 691 1352 734 serie
1386 692 1466 734 refi-

186 757 349 798 duorum
386 765 556 796 occurrat
589 767 764 795 numerus
784 787 793 805 ‚
828 756 889 808 qui
921 755 966 795 fit
996 754 1335 807 complementum
1368 757 1469 796 sum·

187 832 274 860 mae
296 819 411 860 trium
447 818 678 858 residuorum
700 850 712 869 ,
743 827 825 858 tum
861 817 1051 859 summam
1083 828 1237 871 quatuor
1270 819 1472 872 quadrato-

187 894 274 922 rum
305 882 477 922 exhiberi
510 880 611 934 poss‘e
631 910 642 925 ‚
673 892 766 933 quae
801 880 844 921 fit
877 892 943 934 per
976 893 1175 921 numerum
1206 889 1235 935 p
1267 882 1467 922 diuifibilis.

191 944 338 985 Verum
390 945 416 985 fi
464 943 636 985 summae
679 945 864 984 binorum
916 943 980 982 vel
1015 953 1205 983 ternorum
1239 943 1470 984 residuorum

192 1008 399 1060 capiantur,
433 1017 492 1047 tot
525 1007 715 1061 prodeunt
748 1005 892 1047 numeri
927 1006 1061 1047 diuersi
1083 1033 1094 1049 .
1145 1015 1189 1045 vt
1219 1004 1301 1045 satis
1347 1005 1473 1045 mani-

191 1068 325 1110 festum
367 1071 534 1108 videatur
554 1100 565 1120 ,
614 1082 750 1108 eorum
793 1069 963 1107 omnium
995 1067 1282 1122 complementa
1314 1068 1353 1109 in
1383 1068 1472 1113 serie

191 1143 272 1171 non
295 1131 526 1174 reslduorum
560 1129 749 1170 contineri
780 1142 860 1170 non
889 1128 1011 1183 posse.

480 1239 1030 1282 THEOREMA
1111 1246 1179 1284 18.

340 1355 412 1397 90.
465 1344 666 1398 Proposito
715 1356 936 1398 quocunque
987 1357 1153 1386 numero
1205 1344 1334 1400 primo
1362 1353 1411 1403 p,
1443 1347 1472 1388 fi

193 1420 271 1450 non
303 1408 462 1448 duorum
495 1414 759 1462 quadratorum
793 1409 887 1448 inter
905 1408 939 1449 se
971 1410 1188 1463 primorum
1222 1409 1369 1450 summa
1404 1423 1472 1463 pet

191 1483 282 1511 eum
336 1472 521 1512 diuifibilis
572 1471 745 1512 exhiberi
798 1472 954 1524 potest,
1002 1482 1110 1513 certo
1141 1476 1291 1527 iemper
1325 1474 1471 1514 summa

134 1553 143 1560 ·
192 1535 305 1574 trium
341 1538 605 1588 quadratorum
641 1548 710 1588 per
743 1546 832 1574 eum
867 1534 1055 1575 diuifibilis
1106 1537 1276 1590 affignari
1324 1536 1467 1591 potest,

193 1597 244 1638 ita
278 1608 319 1638 vt
353 1611 431 1639 non
449 1598 588 1652 frug-ula
608 1597 758 1639 seorsxm
779 1610 847 1651 per
859 1605 888 1653 p
908 1598 977 1639 fint
995 1597 1200 1639 diuifibilia.

420 1707 1249 1753 DEMONSTRATIO.

345 1807 402 1851 Sit
441 1824 481 1862 1,
514 1826 554 1861 α,
593 1813 620 1867 β
671 1827 724 1867 γ,
759 1811 798 1865 δ,
832 1829 861 1862 ε,
892 1824 961 1854 etc.
1012 1815 1121 1854 series
1153 1815 1379 1855 residuorum
1414 1826 1467 1855 ex

192 1872 373 1913 diuisione
407 1875 673 1925 quadratorum
709 1888 777 1929 per
810 1890 1012 1918 numerum
1038 1878 1276 1932 propositum
1299 1880 1467 1931 primum

185 1943 217 1990 p
257 1944 350 1990 orta.
434 1935 521 1976 Iam
561 1938 598 1976 in
643 1938 713 1978 hac
746 1938 847 1979 serie·
868 1941 926 1981 vel
957 1943 1117 1982 occurrit
1150 1965 1189 1972 -
1214 1955 1259 1992 1,
1294 1941 1355 1981 vel
1389 1952 1467 1979 non
1498 1972 1501 1975 .

192 2000 371 2038 occurrit.
453 1998 494 2040 Si
528 2021 568 2026 —
593 2012 610 2036 1
662 2002 712 2040 ibi
745 2004 923 2054 occurrit,
977 2004 1203 2057 singulorum
1240 2005 1467 2044 reslduorum
1505 2010 1511 2015 '

192 2062 474 2113 complementa
508 2062 616 2103 simul
647 2064 703 2103 ibi⁴
733 2075 960 2111 occurrunt,
993 2068 1153 2122 ideoque
1188 2069 1352 2121 piuribus
1380 2077 1471 2107 mo-

192 2125 253 2169 dis
280 2124 430 2167 summa
461 2129 623 2169 duorum
657 2129 924 2182 quadratorum
961 2143 1026 2181 per
1054 2140 1085 2185 p
1127 2129 1309 2172 diuisibilis
1347 2129 1468 2232 datgr.

186 2199 205 2208 ··
930 2190 968 2233 G
1003 2203 1028 2231 2
1434 2188 1471 2231 in
