2062 2664
592 194 681 243 462
808 180 1151 233 ERRORVM
1195 180 1622 230 TABVLARVM

738 301 853 356 Quod
903 301 949 341 ad
982 299 1141 340 alterum
1174 311 1338 340 errorem
1380 293 1522 346 1‘.15“
1552 300 1589 339 in
1642 295 1852 337 Latitudine

590 362 720 403 Lunae
751 365 903 403 obuium
937 364 1093 410 attinet,
1144 361 1416 402 obseruandum
1450 363 1500 401 est
1551 361 1663 414 quod,
1698 360 1722 399 fi
1772 360 1850 398 ele-

588 428 727 465 mentis
745 426 873 478 quibus
890 425 1049 466 calculus
1067 423 1188 463 noster
1220 425 1392 464 innititur
1410 437 1512 464 error
1530 424 1679 475 quidam
1701 422 1852 461 notabi‹

589 488 635 528 lis
660 489 756 538 insit,
795 488 862 527 iste
896 499 995 526 error
1014 486 1229 537 neutiquam
1251 487 1288 524 in
1308 487 1499 526 duratione
1519 484 1708 537 Eclipseos
1737 496 1849 537 quam

587 549 858 591 accuratissime
893 548 990 588 mihi
1024 548 1240 593 obseruata,
1289 549 1343 588 sed
1378 550 1503 601 potius
1551 549 1589 587 in
1644 546 1851 587 Diametro

590 611 716 652 Lunae
747 620 947 663 apparente
979 610 1024 650 sit
1056 611 1316 663 quaerendum
1352 621 1388 650 et
1420 623 1513 650 vero
1545 610 1745 651 Dianieter
1774 609 1851 649 Lu-

584 685 657 714 nae
706 685 886 725 apparens
918 675 955 713 in
1003 671 1072 711 hac
1105 671 1242 724 Eclipsi
1283 674 1380 712 mihi
1413 685 1515 727 parte
1551 684 1625 722 75.
1660 671 1852 711 Diametri

589 735 724 777 Solaris
758 735 834 776 visa
866 736 916 775 est
951 735 1078 774 minor
1110 733 1314 774 Diametro
1331 734 1436 775 Solis.
1499 737 1597 790 Quia
1629 736 1736 787 igitur
1756 732 1853 774 Dia-

590 808 711 840 meter
765 795 864 838 Solis
912 799 950 837 in
985 796 1052 836 hac
1085 796 1221 851 Eclips]
1254 798 1324 837 fuit
1359 795 1546 848 32‘.43“,
1580 798 1770 838 deducitur
1800 807 1852 836 ex

589 861 712 901 nostra
764 860 1018 901 obseruatione
1065 858 1262 900 Diameter
1313 860 1438 900 Lunae
1480 859 1652 914 apparens
1682 871 1856 912 tempore

592 922 787 975 Eclipseos
827 936 881 961 z
921 917 1109 974 32¹.17“,
1163 923 1328 975 adeoque
1380 920 1457 963 18¹¹
1505 923 1582 963 fere
1637 923 1764 963 minor
1810 933 1855 960 ea

591 997 686 1039 quae
721 996 771 1024 ex
802 984 954 1026 Tabulis
986 985 1198 1027 Halleiam's
1230 985 1431 1037 colligitur.
1502 986 1610 1026 Dato
1639 995 1764 1025 autern
1798 995 1856 1024 et·

590 1060 678 1089 rore
715 1047 751 1086 in
787 1046 991 1088 Diametro
1026 1048 1157 1089 Lunae
1188 1049 1372 1100 admiffo,
1405 1050 1504 1090 facili
1538 1050 1690 1102 negotio
1723 1047 1857 1086 eruitur

589 1122 697 1150 error
725 1111 863 1150 exinde
898 1112 937 1150 in
970 1111 1178 1150 Latitudine
1211 1110 1338 1152 Lunae
1391 1113 1540 1153 nascens
1562 1143 1572 1162 ‚
1622 1123 1664 1150 ea
1713 1109 1858 1149 vtendo

587 1173 745 1213 formula
779 1185 891 1227 quam
944 1173 1050 1213 initio
1079 1174 1184 1214 huius
1230 1174 1490 1215 dissertationis
1522 1173 1710 1224 exhibui3
1759 1172 1862 1211 cuius

1732 1244 1804 1259 -υῗ

1691 1266 1732 1285 αν.
1741 1256 1846 1287 colaudr

591 1275 784 1316 beneficio
816 1275 1036 1317 habebimus
1053 1288 1222 1318 errorem
1241 1276 1473 1326 Latitudiuis,
1493 1278 1563 1315 flue
1582 1275 1674 1323 dy:
1707 1292 1861 1330 ,wa-z*-

593 1345 640 1386 In
689 1346 868 1398 praesenti
918 1358 1042 1388 autem
1098 1349 1177 1387 casii
1231 1349 1300 1387 erit
1331 1360 1425 1387 r:
1449 1343 1608 1397 1956“;
1640 1345 1694 1384 dr
1714 1358 1767 1384 z
1787 1341 1859 1401 9⁰3

580 1422 616 1460 y
636 1421 688 1447 z:
720 1402 879 1460 18‘.o'‘;
911 1420 985 1447 z:
1011 1404 1088 1447 11‘.
1104 1403 1181 1447 2o“
1199 1419 1236 1448 et
1269 1409 1532 1461 consequenter
1553 1405 1856 1460 y‘†z:1760‘¹.

594 1471 721 1524 Qiam
753 1470 804 1507 ob
836 1481 917 1507 rem
950 1482 1018 1520 per
1047 1471 1304 1510 resolutionem
1341 1471 1448 1511 huius
1482 1471 1656 1510 soi-mulae
1707 1472 1862 1512 habebi-

595 1539 653 1570 tur
685 1530 762 1580 dy,
795 1529 868 1568 (iue
901 1541 1004 1569 error
1037 1531 1258 1571 Latitudinis
1309 1533 1486 1583 quaesitus
1519 1547 1572 1571 ε
1597 1528 1696 1583 20⁴¹,
1728 1536 1861 1585 quibus

593 1589 768 1633 Latitudo
802 1591 929 1630 Lunae
962 1604 1048 1632 vera
1079 1593 1180 1647 prius
1210 1593 1359 1633 inuenta
1389 1594 1439 1633 est
1469 1597 1630 1646 augenda
1650 1627 1661 1647 ,
1692 1605 1733 1635 vt
1771 1610 1862 1650 pro-

593 1654 679 1694 deat
713 1653 892 1693 Latitudo
923 1654 1052 1695 Lunae
1085 1667 1174 1696 vera
1206 1656 1389 1697 correcta.
1488 1656 1587 1696 Hinc
1619 1659 1721 1710 patet
1752 1660 1860 1699 Lati-

596 1716 763 1757 tudinem
816 1715 943 1756 Lunae
992 1730 1119 1758 veram
1171 1730 1222 1760 ex
1255 1719 1388 1758 nostris
1417 1718 1616 1759 obseruatis
1647 1722 1860 1762 conclusam

595 1791 694 1819 nunc
746 1774 846 1830 55⁶}
872 1788 1018 1820 tantum
1051 1782 1200 1823 differre
1234 1780 1282 1821 ab
1313 1793 1355 1821 ea
1385 1793 1435 1821 ex
1468 1781 1623 1822 Tabulis
1654 1784 1867 1826 Halleianis

598 1842 811 1893 depromta.
876 1841 940 1883 Ex
973 1841 1068 1882 hisce
1117 1843 1416 1885 meditationibus
1466 1844 1710 1898 intelligitur,
1757 1847 1864 1888 diffe-

599 1905 756 1944 rentiam
790 1904 893 1945 illam
935 1900 1007 1946 18“
1055 1919 1168 1959 quam
1204 1908 1241 1946 in
1271 1907 1413 1947 calculo
1429 1908 1658 1947 antecedenti
1679 1908 1867 1962 Eclipieos

603 1963 744 2007 Solaris
776 1968 851 2008 An.
888 1975 1018 2018 1748.
1053 1969 1153 2009 inter
1182 1969 1430 2009 Latitudinem
1467 1968 1595 2009 Lunae
1628 1981 1758 2011 veram
1781 1971 1867 2011 Ta·
1929 1975 1938 1983 '

601 2027 771 2070 bularem
806 2039 846 2071 et
878 2030 1108 2072 obseruatum
1141 2031 1350 2074 inuenimus
1371 2060 1384 2081 ,
1411 2030 1514 2071 nullo
1546 2032 1664 2073 modo
1693 2045 1866 2073 erroneae

1744 2094 1869 2138 Paral-
