2062 2664
889 211 1507 258 OBSERVATIO

699 328 732 376 ξ.
763 329 804 365 6.
842 323 882 366 Si
918 326 992 366 iam
1028 326 1330 380 contemplemur
1362 328 1490 368 seriem
1522 326 1662 368 horum
1697 326 1832 370 nume4

564 403 688 431 rorum
728 404 764 441 1,
802 404 843 441 3,
876 404 918 440 4,
951 400 990 438 7,
1023 393 1066 440 6,
1107 403 1172 440 ιε,
1210 394 1248 439 8,
1286 401 1351 442 15,
1391 404 1460 441 13,
1496 398 1562 441 18,
1595 400 1734 443 12,28
1759 404 1831 433 etc.

565 467 676 507 quam
712 453 877 494 summae
913 451 1114 493 diuisorum
1150 456 1313 493 nemetis
1344 455 1499 494 naturali
1532 455 1658 494 ordine
1703 468 1831 508 proce-

565 517 737 557 dentibus
770 515 1034 570 respondentes
1066 517 1292 556 constitunnt
1313 547 1325 566 ,
1378 529 1456 556 non
1491 517 1607 557 solum
1645 518 1740 558 nulla
1770 518 1834 560 lex

567 580 830 634 progressionis
861 589 962 632 patet
985 609 996 627 ,
1042 578 1102 619 sed
1137 580 1234 619 ordo
1266 579 1400 619 horum
1436 592 1678 620 numerorum
1709 590 1837 620 tanto-

568 656 660 697 pere
707 644 758 684 est
814 643 1072 697 perturbatus,
1123 653 1166 681 vt
1217 641 1307 681 nulli
1360 641 1501 695 prorsus
1541 643 1614 696 legi
1647 644 1834 684 adstric'tus

566 707 755 746 videatur.
833 706 934 760 Quin
966 705 1082 743 ctiam
1120 703 1211 744 haec
1246 704 1347 744 series
1380 706 1554 744 ordinem
1592 718 1836 747 numerorum

568 772 784 822 primorum
820 768 1017 808 manitesto
1050 766 1249 819 implicat,
1301 780 1388 807 cum
1429 770 1613 813 terminus
1649 771 1778 809 indicis
1813 782 1838 810 n

566 831 625 871 seu
649 828 707 884 sn
744 831 855 869 toties
889 829 931 869 sit
964 842 1018 868 Ξῖ
1039 842 1060 869 n
1085 839 1144 874 -†-
1176 844 1192 868 1
1212 862 1222 878 ‚
1272 831 1416 882 quoties
1447 844 1469 871 n
1500 832 1551 871 est
1569 844 1745 872 numerus
1762 833 1837 885 pri-

566 906 682 946 mus3
717 893 857 933 constat
888 903 1028 945 autern,
1060 905 1237 932 numeros
1270 894 1416 945 primos
1447 895 1550 934 nullo
1579 895 1696 935 adhuc
1718 896 1838 935 modo

568 957 613 996 ad
646 967 788 996 certam
825 956 1012 1008 quandam
1049 956 1313 1008 progreffionis
1341 957 1461 1008 legem
1481 959 1646 998 reuocari
1666 958 1839 1011 potuisse.

568 1016 669 1061 Cum
706 1030 834 1060 autem
870 1019 991 1058 nostra
1022 1018 1125 1058 series
1156 1032 1230 1059 non
1266 1019 1378 1059 solum
1414 1033 1657 1061 numerorum
1692 1021 1839 1073 primo-

568 1095 651 1123 rum
672 1112 683 1132 ,
716 1081 776 1122 sed
808 1083 919 1121 etiam
956 1082 1135 1120 omnium
1170 1081 1391 1133 reliquorum
1423 1094 1669 1121 numerorum
1690 1113 1701 1130 ,
1746 1095 1841 1133 qua-

570 1153 676 1185 tenus
707 1157 759 1184 ex
794 1144 925 1195 primis
957 1143 1038 1183 sunt
1069 1143 1301 1195 compositi,
1336 1143 1520 1183 rationem
1556 1142 1844 1197 compledtatur‚

572 1208 651 1248 eius
680 1206 748 1246 lex
781 1206 903 1246 multo
936 1206 1049 1243 etiam
1086 1205 1277 1243 difficilior
1308 1205 1463 1245 inuenta
1503 1207 1680 1257 videtur,
1727 1219 1840 1259 quam

569 1270 678 1324 ipsius
711 1267 816 1309 seriei
849 1278 1093 1307 numerorum
1124 1267 1354 1319 primorum.

717 1395 749 1443 §.
803 1403 845 1443 7.
896 1394 1003 1448 Quae
1036 1405 1122 1433 cum
1156 1394 1205 1433 ita
1238 1393 1337 1444 sint,
1386 1404 1464 1432 non
1498 1405 1630 1446 parum
1663 1394 1842 1447 equidem

572 1458 671 1501 mihi
703 1458 889 1498 scientiam
921 1468 1168 1496 numerorum
1204 1453 1437 1508 promouiffe
1471 1457 1622 1507 videor,
1649 1458 1741 1497 dum
1763 1469 1843 1497 cer-

573 1531 652 1563 tnm
686 1530 795 1574 atque
827 1521 1059 1560 constantem
1099 1519 1221 1571 legem
1264 1518 1424 1569 detexi,
1473 1519 1673 1560 secundum
1724 1532 1844 1572 quam

572 1585 727 1625 termini
774 1581 876 1623 seriei
911 1580 1124 1636 propositae
1163 1595 1207 1629 ι,
1242 1591 1295 1631 3,
1326 1597 1376 1632 4,
1410 1592 1462 1632 7,
1496 1586 1546 1630 6,
1579 1586 1668 1623 etc.·
1689 1594 1843 1635 progre.

574 1649 743 1698 diamur,
776 1646 828 1684 ita
858 1655 900 1685 vt
933 1657 1000 1697 per
1034 1646 1128 1684 hanc
1162 1643 1287 1696 legem
1320 1645 1473 1697 quilibet
1508 1645 1603 1685 istius
1632 1644 1735 1685 seriei
1767 1655 1844 1685 tet·

572 1711 699 1752 minus
748 1720 798 1748 ex
849 1707 1151 1762 praecedentibus
1191 1706 1340 1746 definiri
1380 1707 1517 1760 ponit,
1569 1708 1694 1748 inueni
1727 1707 1845 1758 enim,

572 1772 676 1825 quod
715 1772 835 1824 magis
869 1771 1011 1810 mirum
1045 1770 1243 1820 videatur,
1292 1769 1387 1809 hanc
1420 1769 1549 1810 seriem
1584 1771 1627 1810 ad
1660 1770 1698 1810 id
1730 1780 1845 1823 genus

574 1833 877 1890 progreffionum
915 1833 1122 1885 peitinere‚
1157 1844 1251 1886 quae
1282 1841 1513 1873 recurrentes
1545 1833 1670 1873 vocari
1702 1832 1841 1884 solent3

577 1907 615 1937 et
648 1908 803 1949 quarum
837 1908 962 1936 natura
995 1897 1043 1936 ita
1078 1895 1131 1935 est
1162 1906 1382 1948 comparata
1402 1928 1413 1946 ,
1455 1905 1498 1936 vt
1529 1894 1681 1948 quilibet
1713 1895 1841 1934 termi-

575 1971 644 2000 nus
676 1971 726 1999 ex
760 1959 1062 2011 praecedentibus
1091 1957 1288 1998 secundum
1329 1967 1466 1997 certam
1518 1957 1694 2009 quandam
1747 1956 1844 1997 rela-

580 2022 693 2062 tionis
723 2022 903 2062 rationem
937 2022 1218 2062 determinetur.
1280 2020 1376 2073 Quis
1407 2029 1530 2058 autem
1564 2030 1729 2071 vnquam
1764 2031 1845 2059 cre-

582 2085 715 2125 diderit
761 2084 857 2125 hanc
904 2083 1031 2123 striem
1083 2092 1282 2134 tantopore
1334 2083 1586 2133 perturbatam
1607 2113 1618 2132 ,
1670 2090 1710 2121 et
1751 2093 1846 2134 quae

582 2157 671 2190 tum
701 2145 857 2190 seriebus
886 2145 1149 2188 recurrentibus
1180 2143 1272 2185 nihil
1302 2143 1413 2200 plane
1458 2156 1662 2186 commune
1709 2143 1846 2184 hahere

1683 2214 1845 2258 wocurt,
