2062 2664
288 148 1246 200 METEOROLOGICAE.
1317 164 1408 206 379

280 267 436 309 Collatis
471 266 564 305 lusce
597 267 694 306 inter
727 268 760 307 se
779 267 1091 309 obseruationibus
1123 269 1274 322 patescit
1307 268 1410 309 sum—

144 345 248 374 mam
283 332 389 371 huius
421 330 506 369 anni
541 330 717 368 mercurii
749 330 985 369 altitudinem
1019 332 1056 369 in
1095 333 1185 371 tubo
1244 331 1411 371 torricel-

142 399 241 437 liauo
273 395 367 434 fuisse
404 406 457 442 29
496 392 672 444 pollicum
706 391 954 431 parisinorum
989 402 1030 431 et
1069 393 1202 432 decem
1245 396 1410 445 partium

141 459 423 500 centesimarum
458 455 618 495 ciusdem
655 455 814 507 pollicis.
897 454 962 494 Est
996 455 1088 496 haec
1127 455 1286 495 altitudo
1328 468 1412 495 ma-

143 525 230 573 ior,
263 522 435 561 omuibus
468 520 512 559 ad
545 518 619 557 hoc
656 529 806 571 tempus
850 519 1080 571 obseruatis,
1130 518 1276 572 superat
1308 520 1412 558 enim

144 596 354 626 maximam
401 582 528 622 adhuc
572 581 802 622 obseruatam
859 595 929 632 29.
982 594 1031 621 01
1082 593 1222 622 nouem
1259 582 1417 635 partibus

143 647 347 689 centesimis
421 646 569 698 pollicis
646 645 805 684 Parifini.
925 645 1030 698 Ergo
1092 657 1188 685 nunc
1251 645 1415 698 spatium

141 712 384 752 variationum
420 709 751 749 barometricarum
785 700 1005 748 mutandum
1027 741 1038 760 ‚
1079 719 1117 747 et
1151 721 1293 749 nouem
1332 722 1419 762 par·

144 775 235 814 tibus
266 773 472 813 centesimis
504 772 555 812 est
592 771 924 825 amplificandum.
990 772 1119 812 Media
1154 785 1303 826 quoque
1334 772 1419 812 alti-

146 840 234 878 tudo
266 837 316 876 est
351 836 543 888 mutanda,
576 848 669 889 quae
705 848 801 876 nunc
836 836 889 875 est
929 846 999 884 27.
1037 842 1125 884 753,
1161 848 1273 888 quum
1308 845 1417 875 autea

142 901 250 941 fuerit
272 912 338 948 27.
360 913 431 949 71.
483 901 614 956 Quum
635 900 745 953 igitur
764 899 835 938 huc
857 911 971 952 vsque
991 901 1145 951 spatium
1167 899 1419 938 variationum

145 963 252 1004 fuerit
275 978 313 1003 2.
334 968 409 1003 60:
443 964 511 1003 erit
530 976 626 1003 nunc
664 977 702 1003 2.
738 967 823 1015 693
846 961 1025 1002 sc1liceta
1062 967 1134 1001 26.
1170 974 1223 1010 41
1262 961 1306 1000 ad
1344 973 1416 1009 29.

151 1039 219 1066 10.
241 1026 411 1080 Contigit
431 1027 521 1067 haee
546 1027 698 1067 altitudo
719 1028 890 1067 maxima
922 1026 1029 1065 huius
1068 1025 1155 1065 anni
1184 1024 1338 1063 Ianuarii
1363 1033 1413 1072 15

145 1090 186 1131 h.
218 1103 258 1139 7.
295 1105 333 1144 p.
367 1103 419 1130 m.
482 1089 568 1142 Ipso
602 1091 758 1129 meridie
794 1099 874 1128 erat
911 1102 977 1134 29.
1015 1081 1161 1138 05‚'et
1187 1087 1300 1126 noete
1327 1101 1423 1140 quo·

145 1165 218 1205 que
236 1151 414 1206 sequeuti3
434 1153 509 1192 diei
526 1162 650 1193 autem
672 1152 922 1205 praecedentis
932 1153 1078 1204 vesperi
1101 1162 1255 1198 29.00.
1277 1149 1424 1191 Ventus

145 1225 224 1253 erat
255 1227 332 1253 non
367 1215 563 1264 sensibilis,
615 1217 863 1266 praecedente
898 1216 936 1256 N
970 1224 1009 1253 et
1041 1213 1081 1255 N
1093 1214 1164 1265 gO
1197 1213 1310 1253 debili
1341 1216 1425 1254 die-

144 1276 209 1316 bus
240 1274 383 1329 aliquot
412 1277 745 1326 antecedentibun,
798 1276 1077 1329 subsequebatur
1109 1276 1148 1315 O
1182 1276 1311 1315 debilis
1362 1278 1424 1317 die
1459 1288 1462 1289 ’

146 1338 320 1392 sequenti,
365 1350 477 1389 quem
524 1338 740 1390 excipiebat
773 1337 833 1377 W
876 1339 1157 1378 vehementior.
1226 1338 1426 1378 Thermo-

149 1412 313 1443 mettum
347 1412 424 1442 erat
464 1411 562 1448 172.
628 1401 790 1441 Minima
822 1401 981 1442 altitudo
1015 1407 1085 1441 26.
1120 1414 1177 1453 9o
1219 1401 1272 1440 est
1299 1410 1426 1442 notata

150 1465 341 1507 Februarii
383 1478 424 1504 11
466 1464 544 1518 ipso
579 1465 735 1506 meridie
755 1496 766 1515 ‚
800 1465 911 1503 coelo
948 1466 1107 1512 nubilo>
1149 1474 1267 1503 vento
1300 1463 1427 1517 sgo

149 1529 308 1582 spirante
360 1529 556 1568 mediocri.
641 1527 718 1566 Die
770 1527 1005 1565 antecedenti
1055 1536 1135 1565 erat
1171 1536 1241 1574 27.
1275 1530 1333 1564 60
1386 1536 1427 1567 et

150 1592 177 1632 h
228 1601 269 1641 7.
307 1605 346 1644 p.
379 1605 432 1632 m.
472 1603 542 1636 27.
583 1602 653 1628 10.
735 1586 850 1628 Calor
884 1589 1088 1629 diminutus
1124 1598 1200 1628 erat
1242 1589 1287 1628 ad
1329 1598 1426 1637 150,

153 1656 337 1708 punctum
371 1653 502 1692 scilicet
539 1652 821 1705 congelationis.
892 1651 1115 1692 Pracedebat
1149 1651 1299 1704 vesperi
1351 1652 1428 1693 dici

153 1716 399 1757 antecedentia
431 1714 553 1767 SgO
590 1725 627 1763 3,
661 1725 700 1754 et
733 1713 946 1767 sequebatur
975 1714 1001 1755 S
1052 1713 1194 1755 debilis.
1294 1715 1426 1771 Quum

154 1780 247 1820 haec
278 1778 434 1818 altitudo
470 1779 627 1818 minima
663 1781 731 1817 26.
771 1791 827 1827 90
864 1791 940 1817 non
992 1778 1137 1832 superet
1187 1776 1427 1818 altitudinem

158 1843 362 1883 minimam
414 1841 478 1881 hic
530 1842 603 1881 iam
658 1843 890 1882 obseruatam
929 1845 998 1882 26.
1035 1855 1117 1893 413
1173 1850 1305 1881 manet
1336 1840 1429 1881 haec

157 1906 232 1947 huc
264 1917 381 1957 vsque
413 1904 532 1944 adhuc
565 1905 743 1945 minima.
827 1905 975 1945 Pondus
1021 1907 1135 1958 igitur
1186 1904 1429 1957 armosphae-

157 1981 221 2010 rae
252 1968 326 2008 hoc
357 1979 458 2007 anno
487 1968 647 2008 multum
669 1969 857 2008 variatum
893 1969 975 2018 suit,
1010 1970 1102 2008 dum
1138 1968 1293 2021 spatium
1321 1967 1430 2007 huius

157 2033 244 2074 anni
276 2031 513 2073 altitudinum
549 2030 726 2073 mercurii
763 2032 989 2072 variatarum
1023 2031 1090 2072 fuit
1127 2044 1166 2070 2.
1207 2042 1278 2070 20.

843 2092 877 2133 Β
895 2094 918 2134 b
937 2093 961 2134 b
995 2106 1019 2132 2
1318 2090 1435 2133 Calo-
