2062 2664
624 187 710 232 368
812 176 993 223 ANIM
1012 175 1224 222 ALIVM
1268 172 1709 239 ‘QVORVMDAM

623 305 714 344 qnare
765 292 944 345 nigricant
966 325 977 344 ,
1026 304 1136 345 quare
1188 300 1273 331 tunc
1324 292 1501 331 cruciatae
1556 289 1805 340 (Krestowiki
1854 297 1896 329 et

622 355 901 400 Ka-estawmki)
951 356 1113 394 audiunt.
1215 355 1320 394 Hanc
1353 355 1600 394 mutationem
1636 356 1823 404 ineuntes,
1854 361 1898 391 et

619 417 719 468 illae,
754 429 793 457 et
824 419 1008 464 cinereae,
1047 419 1084 456 in
1119 419 1222 457 terris
1253 417 1444 469 turfaceiS,
1479 431 1568 470 quae
1605 421 1641 455 in
1675 417 1764 455 iocis
1779 415 1894 455 Isati-

620 481 710 521 dum
744 481 926 519 natalibus
974 479 1181 533 frequentes
1235 480 1343 529 sunt,
1393 492 1468 518 non
1519 492 1601 519 raro
1653 479 1894 531 pernoctant.

620 541 735 583 Circa
768 544 918 581 initium
951 542 1128 582 Octobris
1160 541 1232 593 pili
1262 542 1300 580 in
1335 542 1519 594 poll-icem
1548 554 1663 595 vsque
1715 552 1895 581 excreue-

621 615 730 657 runt,
765 613 807 644 et
837 606 1014 656 nigricans
1044 604 1282 643 candidarum
1314 603 1490 645 Isatidum
1527 606 1619 644 inter
1652 616 1781 643 armos
1813 604 1903 655 spa-

620 669 714 707 tium
764 677 886 707 totum
936 668 1086 707 eumnit
1107 696 1117 715 ‚
1168 666 1365 706 secundum
1413 669 1581 707 medium
1616 666 1763 707 dorsum
1798 677 1899 705 vero

622 732 728 771 color
760 742 809 769 ex
842 730 928 769 albo
961 739 998 770 et
1031 730 1140 781 nigro
1169 730 1380 781 permixtus
1423 740 1606 784 appa-ret,
1659 729 1757 782 quali
1809 728 1894 768 Lari

621 793 785 844 gaudent
803 823 815 842 ‚
847 792 886 831 in
915 792 956 831 iis
987 792 1201 845 regionibns
1232 792 1418 832 versantes
1435 825 1444 844 ‚
1478 806 1588 846 quare
1621 802 1708 832 tunc
1742 791 1894 830 Lenen-

623 854 718 897 fibus
738 857 970 895 venatoribus
988 855 1102 895 Larea
1122 855 1179 901 (fit
1198 855 1314 894 verbo
1332 857 1455 905 venia,
1475 856 1581 898 Ruff.
1602 852 1897 909 Tschae'schnik)

622 917 737 958 audit.
801 916 1021 957 leniseenses
1040 916 1226 958 vocabu-lo
1246 919 1411 971 singulari
1431 919 1477 959 ad
1496 920 1589 959 hanc
1610 918 1896 958 distinctionem

623 981 916 1033 exprimendam
951 992 1027 1020 non
1069 990 1238 1020 Vtuntur.
1310 981 1357 1022 In
1407 981 1482 1021 fine
1534 982 1742 1031 Oetobris,
1794 980 1894 1020 circa

623 1044 725 1084 diem
775 1042 981 1094 Demetrii,
1034 1043 1234 1083 candidum
1285 1057 1400 1097 genus
1448 1044 1622 1086 Isatidum
1660 1045 1736 1082 iam
1771 1050 1894 1082 totum

622 1107 751 1146 album
785 1105 835 1144 est
854 1137 866 1157 ,
931 1106 1000 1159 pili
1032 1118 1130 1145 vero
1160 1106 1331 1146 nondum
1365 1108 1407 1146 in
1440 1116 1585 1147 tantam
1618 1104 1896 1158 longitudinem

623 1177 872 1210 excreuerunt
892 1200 903 1219 ‚
940 1168 1063 1221 quales
1093 1169 1206 1221 rigida
1239 1169 1366 1209 hieme
1398 1180 1578 1222 apparent
1598 1200 1609 1218 ‚
1660 1179 1771 1220 quare
1804 1174 1893 1204 tunc

623 1232 731 1273 Isatis
779 1232 947 1270 nondum
999 1230 1162 1282 perfecta
1211 1231 1489 1283 (Nedopesez)
1535 1231 1684 1268 dicitur.
1779 1222 1892 1266 Circa

624 1294 777 1336 Festum
810 1292 966 1345 denique
995 1292 1179 1340 Nicolai,
1213 1292 1312 1342 quod
1346 1291 1386 1329 in
1415 1294 1456 1327 6.
1492 1289 1722 1330 Decembris
1751 1287 1896 1339 incidit,

624 1356 693 1409 pili
745 1354 784 1392 in
832 1363 975 1394 tantam
1026 1351 1301 1404 longitudinem
1355 1363 1597 1393 excreuerunt
1619 1384 1629 1403 ,
1680 1363 1774 1404 quae
1820 1362 1892 1390 nee

626 1425 706 1457 tota
738 1415 866 1455 hieme
897 1415 1056 1468 amplius
1105 1424 1286 1467 augetur,
1335 1427 1388 1456 ex
1436 1429 1510 1469 quo
1559 1415 1669 1467 igitur
1715 1423 1894 1465 tempore

630 1473 898 1532 Κατέἔσχην
921 1479 1024 1516 Isatis
1051 1474 1263 1526 (necegb),
1282 1487 1344 1516 ‘aut
1363 1477 1464 1518 lintis
1481 1478 1642 1532 perfecta
1666 1476 1892 1534 (poenosae-

626 1538 752 1592 ceig'b)
771 1548 939 1579 vocatur.
1007 1537 1109 1578 Vere
1143 1538 1464 1591 appropinquante
1484 1571 1495 1591 ,
1526 1541 1621 1581 circa
1653 1540 1784 1579 festum
1817 1537 1894 1579 Ni-

625 1603 723 1644 colai
755 1614 915 1642 vernum
934 1630 945 1651 ,
977 1601 1080 1654 quod
1110 1600 1148 1639 in
1184 1600 1285 1640 diem
1319 1613 1462 1641 nonum
1498 1601 1593 1642 Maii
1625 1602 1755 1642 incidit
1776 1631 1787 1651 ‚
1836 1603 1892 1639 in-

628 1666 778 1706 terdum
808 1665 927 1705 etiam
959 1664 1110 1706 tardius.
1139 1664 1311 1704 omnium
1344 1665 1519 1706 maxime
1537 1677 1630 1704 vero
1647 1665 1744 1704 circa
1762 1662 1896 1703 festum

625 1728 856 1781 Imperatori
903 1724 1151 1767 Constantino
1217 1727 1382 1767 dicatum
1404 1760 1415 1779 ,
1479 1728 1650 1781 quodque
1703 1738 1752 1766 21
1797 1725 1896 1766 Maii

627 1791 835 1833 celebratur
859 1822 871 1841 ‚
938 1789 1005 1843 pili
1054 1789 1215 1829 defluere
1264 1790 1479 1843 incipiunt,
1529 1800 1568 1830 et
1617 1791 1711 1830 circa
1759 1787 1895 1828 festum

627 1854 736 1897 Eliae
768 1852 1011 1906 Prophetae,
1047 1851 1085 1891 in
1122 1864 1177 1890 20
1213 1850 1282 1892 Iul.
1314 1853 1478 1893 incidens
1499 1885 1510 1904 ,
1551 1865 1687 1893 omnes
1720 1852 1795 1891 iam
1826 1851 1896 1890 de-

630 1918 833 1975 fluxerunt.
927 1915 1011 1956 Hac
1069 1916 1277 1955 mutatione
1335 1917 1578 1969 contingente
1627 1913 1732 1953 Isatis
1778 1924 1895 1952 verna

631 1976 896 2035 (Weschniak)
945 1979 1088 2018 dicitur.
1169 1976 1214 2018 In
1263 1977 1499 2018 defluxorum
1546 1977 1715 2030 pilorum
1765 1974 1896 2015 locum

631 2041 696 2085 ulii
744 2041 930 2098 paulatim
977 2041 1203 2083 succrescunt
1253 2040 1411 2095 breues,
1460 2041 1522 2098 qui
1570 2040 1667 2081 circa
1715 2039 1898 2079 medium*

1732 2098 1893 2157 Augusti
