2062 2664
209 175 392 219 FOLIIS
419 170 1029 218 LANCEOLATLINEAR.
1066 173 1264 219 INTEG.
1304 188 1385 224 :33³v

118 290 348 339 indicatam,
396 295 433 326 et
465 286 512 325 de
545 298 614 339 qua
647 287 761 325 etiam
795 287 1000 327 nonnullae
1033 288 1278 341 imperfectae
1310 289 1392 328 ico-

124 366 189 394 nes
220 355 298 392 iam
331 350 516 405 prostant,
549 350 671 388 denuo
705 350 749 387 ad
783 349 954 400 plantam
991 351 1122 390 vinam
1158 352 1293 390 exacte
1330 352 1392 390 de-

121 417 331 466 lineatam,
380 414 479 454 breui
526 420 564 451 et
612 412 794 451 concinna
845 411 1081 464 expositione
1131 412 1392 452 declarandam

123 478 223 520 mihi
263 478 379 517 sumsi.
443 475 565 516 Prima
600 474 694 514 illius
725 473 858 513 notitia
891 476 1051 514 occurrit
1083 475 1182 527 apud
1234 476 1393 515 Fabium

124 540 352 581 Columnam
386 541 424 579 in
458 537 637 590 Ecphrasi
666 539 789 590 prima
823 537 947 576 minus
994 539 1231 590 cognitarum
1266 538 1394 578 nostro

122 604 232 645 coelo
269 603 469 642 orientium
517 601 719 654 stirpium,
769 601 924 641 Romae
970 604 1098 639 1606.
1137 615 1179 650 4.
1213 614 1251 654 p.
1292 612 1388 650 279.

122 667 197 710 τεὼ,
238 673 338 714 277.
360 664 426 717 fig.
466 677 505 704 2⁷,
541 665 731 705 nomine:
766 662 1021 717 Lithothlaspi
1050 673 1220 717 quartum
1239 665 1395 704 carnoto

119 729 281 770 rotundo
311 727 405 767 folio
425 759 436 779 ,
485 727 550 767 vbi
581 728 777 779 descriptio
811 727 1041 778 incompleta
1062 759 1072 778 ,
1105 739 1226 780 neque
1260 739 1395 767 omnes

117 790 408 832 fructificationis
453 800 575 842 partes
623 790 789 829 indicans
810 820 820 840 ‚
870 800 907 829 et
941 789 1055 843 figura
1088 789 1237 842 plantae
1271 790 1396 830 minus

122 854 234 905 bona,
266 866 332 894 nec
365 854 411 895 ad
445 865 604 893 omnem
640 853 714 892 eius
746 852 916 893 habitum
949 852 1045 892 faeta
1066 884 1075 902 ,
1109 852 1246 894 exstat.
1309 852 1394 892 Post

121 915 348 958 Columnam
397 918 435 956 in
486 917 618 956 Pinace
650 915 713 955 suo
747 928 827 955 eam
858 915 1008 954 adducit
1041 912 1219 966 Casparus
1249 913 1396 954 Bauhi-

118 992 215 1032 nm,
248 990 285 1021 et
315 994 354 1034 p.
394 989 509 1028 107:
574 977 734 1032 Thlaspi
781 989 942 1031 paruum
977 976 1130 1016 saxatile
1164 976 1257 1016 flore
1288 977 1393 1017 suane

117 1043 272 1083 rubente
306 1052 428 1082 vocat.
508 1041 707 1082 Indefeffus
738 1041 946 1093 plantarum
981 1039 1042 1080 sua
1073 1048 1194 1078 aetate
1224 1039 1396 1079 detesta-

119 1118 202 1145 rum
235 1105 452 1155 comitor,
482 1104 671 1144 Iohannes
702 1101 921 1153 Parkinstm,
950 1102 991 1141 in
1009 1101 1180 1141 Theatro
1198 1101 1393 1154 boemico,

115 1167 217 1218 quod
266 1167 432 1207 Londini
471 1167 599 1216 1640.
652 1166 692 1204 in
725 1164 821 1204 folio
852 1164 966 1204 edidit
987 1197 998 1214 ‚
1032 1163 1188 1215 Thlaspi
1222 1165 1391 1205 nostrum

118 1226 175 1266 bis
214 1228 424 1278 exposuisse
466 1228 627 1266 videtur.
701 1227 878 1267 Alterum
905 1257 916 1275 ‚
966 1227 1065 1279 quod
1098 1237 1139 1276 p.
1178 1232 1279 1276 843„
1316 1227 1393 1267 fine

117 1288 228 1328 icone
259 1300 346 1327 cum
379 1288 542 1326 nomine
578 1286 625 1325 C.
662 1286 843 1337 Bauhini‚
875 1289 953 1328 iam
987 1286 1181 1335 admisto,
1215 1289 1393 1339 recenset,

115 1350 219 1390 idem
253 1350 329 1399 est,
368 1361 410 1389 ac
444 1349 635 1401 alterum,
683 1350 786 1403 quod
816 1349 952 1388 eadem
985 1349 1123 1402 pagina
1155 1348 1218 1389 sub
1252 1351 1393 1392 titulo:

116 1412 270 1465 Thlaspi
303 1421 524 1453 montanum
556 1411 712 1452 carnoso
744 1412 905 1452 rotundo
952 1411 1046 1452 folio
1065 1444 1076 1463 ,
1127 1424 1215 1452 cum
1269 1415 1392 1464 icone,

113 1486 167 1514 ex
200 1474 386 1515 Columna
416 1476 612 1527 depromta
638 1505 649 1525 ,
694 1475 820 1514 habet.
888 1474 1107 1514 Morisonus
1130 1505 1140 1523 ,
1192 1476 1256 1527 qui
1306 1476 1392 1528 post

116 1535 371 1579 Bauhinorum
423 1548 597 1590 tempora
619 1567 630 1585 ‚
679 1547 846 1583 omnes,
906 1548 998 1588 quae
1050 1537 1172 1574 modo
1222 1538 1393 1577 inuentae

118 1610 224 1642 erant
257 1600 421 1654 plantae,
454 1602 604 1639 summo
636 1598 755 1637 studio
785 1598 820 1639 iu
852 1596 1051 1638 Vniuersale
1084 1609 1223 1649 corpus
1255 1611 1392 1651 cogere

119 1663 254 1704 studuit
274 1695 285 1713 ,
333 1671 371 1700 et
400 1661 566 1701 nostram
600 1672 746 1713 quoque
779 1660 948 1713 plantam
980 1661 1016 1699 in
1050 1660 1213 1700 Historia
1244 1661 1393 1712 planta-

122 1737 206 1764 rum
259 1723 448 1763 vniuersali
491 1723 703 1764 Oxonienfi
736 1723 835 1762 Part.
870 1721 925 1761 ΙΙ.
957 1721 1059 1762 Ξεέὶ.
1095 1721 1172 1762 ΙΙΙ.
1209 1723 1283 1762 tab.
1319 1730 1390 1764 18.

121 1786 188 1838 fig.
228 1798 296 1836 29.
333 1785 475 1835 habet,
525 1795 678 1838 recepto
727 1785 893 1825 Bauhini
932 1786 1088 1824 nomine
1139 1793 1178 1824 et
1226 1786 1390 1839 adpofita

121 1847 332 1889 Columnae
364 1849 612 1902 delcriptione
635 1879 646 1900 ‚
700 1849 738 1888 in
772 1848 896 1902 paucis
937 1856 1094 1896 mutata,
1128 1858 1242 1900 prout
1273 1849 1388 1887 etiam

122 1911 213 1951 icon
256 1911 406 1965 plantae
464 1924 542 1952 non
591 1911 754 1951 multum
790 1925 809 1951 a
844 1908 1055 1952 Columnae
1088 1909 1202 1963 figura
1234 1911 1389 1950 recedit.

115 1975 235 2021 ,Hunc
283 1973 428 2027 excipit
477 1974 608 2015 ordine
640 1973 730 2014 alter
762 1973 910 2013 celebris
941 1985 1088 2027 quoque
1123 1972 1295 2027 Anglus‚
1348 1982 1389 2011 et

824 2036 894 2075 Tt
928 2049 952 2076 2
1329 2034 1385 2074 cui
