2062 2664
704 178 890 235 )(27)<

491 300 1102 360 PHYSICA,

775 452 810 492 Ι.

157 544 487 623 Alkekengi
520 589 536 614 ,
604 544 803 623 calyce
858 542 1141 624 profunde
1213 540 1386 603 diuiso
1414 590 1430 617 ‚y

600 626 787 688 fruehi
821 628 983 688 sicco,

778 748 829 790 ΙΙ.

153 842 432 923 Thlaspi„
485 840 698 901 siliculis
752 842 1010 921 ellipticis
1042 888 1058 912 ,
1122 840 1268 899 foliis
1321 840 1434 900 lan-

273 929 524 989 ceolato-
540 926 860 996 linearibUS,
906 926 1301 1005 integerrimis,

155 1043 319 1107 Αυξὶ.
342 1043 415 1102 Io.
442 1043 581 1102 Chr.
607 1041 983 1102 Hebenstieit
1007 1061 1066 1121 p.
1089 1060 1207 1119 319.
1234 1049 1294 1097 et
1316 1060 1433 1113 330.

154 1197 342 1333 Cum
376 1245 455 1273 non
485 1231 630 1285 semper
662 1241 699 1273 et
738 1232 878 1286 vbique
927 1232 1073 1274 occasio
1124 1231 1167 1272 sit
1216 1230 1437 1282 Botanicis,

306 1309 413 1336 nouas
444 1297 482 1335 in
516 1296 684 1336 medinm
720 1296 884 1348 proferre
918 1297 1060 1349 plantas
1079 1328 1090 1347 ,
1120 1295 1339 1347 illarumque
1371 1295 1432 1334 de-

148 1360 344 1413 scriptione
378 1372 458 1399 rem
489 1359 701 1399 herbariam
736 1359 946 1401 aridiorem
981 1360 1163 1400 reddere:
1199 1358 1252 1398 illi
1285 1369 1433 1411 quoqne

152 1423 287 1464 officio
318 1424 381 1463 suo
413 1422 492 1462 fiitis
523 1420 649 1462 seciffe
683 1423 853 1462 censendi
885 1423 997 1475 sunt,
1030 1424 1091 1476 qui
1121 1423 1265 1476 plantas
1292 1422 1339 1460 ab
1357 1420 1435 1461 aliis

149 1487 348 1542 descriptas
381 1487 515 1526 iterato
547 1487 718 1526 examini
750 1485 962 1538 subiiciunt,
994 1487 1056 1539 qui
1077 1518 1088 1538 ,
1120 1486 1219 1538 quod
1240 1486 1277 1525 in
1297 1485 1433 1538 priori-

148 1550 215 1591 bus
248 1550 554 1603 descriptionibus
583 1560 749 1590 erratum
783 1550 834 1589 est
853 1580 863 1598 ,
884 1551 1074 1602 corrigunt
1088 1581 1100 1601 ,
1119 1549 1219 1602 qnod
1239 1560 1431 1599 mancum,

150 1616 350 1667 supplent,
390 1615 450 1666 qui
487 1615 613 1652 icones
644 1614 689 1653 ad
739 1613 826 1653 viiia
876 1613 1110 1666 exemplaria
1162 1612 1433 1653 emendatiores

149 1679 237 1716 dare
271 1679 484 1717 allaborant.
517 1677 605 1717 Hoc
640 1676 692 1716 est
712 1707 722 1725 ‚
756 1675 857 1729 quod
890 1674 951 1715 Cl.
986 1676 1134 1716 Aridior
1156 1709 1166 1728 ,
1200 1676 1250 1715 in*
1274 1686 1431 1728 Vtraque

150 1736 419 1780 Differtatione
449 1739 557 1794 supra
588 1740 776 1793 allegata,
811 1735 996 1793 praestare
1029 1749 1186 1780 conatus
1219 1738 1286 1779 est.

301 1865 346 1905 In
380 1866 496 1918 priori
530 1879 616 1906 curn
653 1867 843 1909 Feuilletio
876 1867 943 1921 ipsi
976 1881 1030 1908 res
1063 1867 1114 1908 est
1142 1899 1153 1918 ,
1203 1866 1267 1919 qui
1318 1864 1428 1907 Aske-

148 1928 253 1981 kengi
286 1928 450 1981 plantam
472 1961 482 1979 ,
517 1930 672 1981 originis
707 1933 987 1983 American-ae,
1027 1933 1066 1971 in
1117 1929 1431 1970 obseruationibus

147 1992 215 2032 suis
248 1992 404 2042 Physico
423 2015 434 2021 -
459 1991 741 2033 Matliematico
763 2014 780 2023 -
797 1993 990 2034 Botanicis
1010 2026 1021 2045 ,
1072 1994 1214 2047 primus
1246 1990 1428 2044 descripsit

148 2065 187 2096 et
219 2055 439 2096 delineatam
470 2056 587 2096 dedit.
653 2056 767 2098 Hunc
800 2057 924 2099 noster
955 2058 1076 2098 vbiuis
1105 2058 1262 2111 corrigit
1291 2065 1329 2094 et
1347 2057 1427 2106 iup-

148 2119 226 2172 plet
288 2117 444 2171 Supplet
475 2120 591 2158 etiim
611 2133 747 2174 ‚quae
780 2119 840 2161 Ill.
875 2122 1064 2164 Linnaem
1098 2121 1136 2160 in
1169 2117 1282 2172 Spec.
1306 2117 1424 2156 Plant-

155 2193 277 2234 1753
324 2182 371 2221 de
403 2182 472 2221 liae
506 2183 631 2235 planta
659 2184 840 2233 dixerit,
872 2194 914 2224 et
946 2184 1141 2234 Alkekengi
1172 2180 1333 2234 proprio
1363 2177 1426 2218 suo

759 2244 801 2283 D
834 2257 858 2282 2
1297 2243 1425 2296 generi
