2062 2664
343 176 417 221 IN
458 170 774 218 ANALYSI
809 171 1305 218 INFINITORVM.
1373 186 1454 213 121

571 283 606 325 C
641 284 682 325 Ο
715 286 751 327 R
786 286 826 326 O
860 285 896 326 L
929 286 977 326 L.
1046 302 1085 328 1.

345 381 415 421 53.
465 367 506 410 Si
551 381 624 409 vna
674 369 856 422 quaedam
889 367 1135 410 formularum
1169 374 1466 426 propositarum,

194 437 308 479 ⁴veluti
329 434 365 490 s
365 432 537 491 31de,
570 445 592 473 a
623 432 708 472 data
751 432 967 485 quadratura
1002 434 1162 485 pendere
1208 436 1343 475 debeat
1362 469 1372 487 ,
1422 451 1467 477 ea

198 503 238 542 in
272 501 490 553 operatione
521 496 567 537 ad
608 495 727 536 finem
769 508 885 549 vsque
920 495 974 536 est
1005 496 1213 537 restruanda
1233 530 1243 548 ,
1293 499 1331 538 id
1366 501 1467 551 quod

202 576 254 604 12
288 563 407 603 modis
438 559 586 601 diuersis
613 559 697 599 fieri
727 559 865 613 potest.
931 558 999 600 Sin
1035 569 1164 600 autem
1197 560 1290 601 duae
1325 562 1468 603 formu-

195 628 253 668 lae
285 625 419 677 datae,
452 623 571 663 veluti
591 619 709 677 syR
733 623 803 664 dx
832 632 872 664 et
897 619 954 676 sy
973 622 999 664 S
1018 624 1101 675 dx,
1135 637 1156 665 a
1188 625 1283 666 datis
1316 626 1466 679 quadra-

195 689 287 730 turis
317 689 479 742 pendere
514 686 684 740 debeant,
716 687 792 727 hoc
824 687 969 728 nonnisi
998 688 1144 728 duobus
1176 689 1301 730 modis
1319 690 1469 731 diuerfis

196 752 447 807 praestabitur.

573 845 974 889 COROLL·
1041 860 1082 887 2.

349 942 420 983 54.
470 930 570 972 Hinc
604 930 721 970 etiam
762 938 884 984 patet,
920 929 1080 970 eundem
1113 929 1276 971 soluendi
1310 931 1472 973 modum

198 994 248 1036 ad
277 998 468 1049 quinque,
520 995 712 1047 pluresque
731 1025 742 1044 ,
793 1003 979 1048 quotquot
1009 1004 1267 1047 proponantur
1287 1025 1297 1044 ‚
1339 994 1476 1035 similes

200 1058 380 1099 formulas
428 1058 614 1109 extendi,
659 1058 875 1097 dummodo
922 1056 1110 1108 quaelibet
1147 1056 1306 1097 formula
1338 1056 1475 1097 habeat

203 1121 367 1175 speciem
403 1117 601 1174 sdex
648 1119 710 1160 vel
745 1116 781 1173 s
790 1120 817 1160 P
833 1119 862 1159 d
863 1134 926 1173 y,
976 1119 1162 1159 existente
1212 1120 1240 1160 P
1281 1119 1475 1161 fune'tione

203 1184 315 1236 ipsius
363 1198 413 1235 x,
465 1185 517 1223 ita
568 1193 613 1222 vt
644 1184 682 1222 in
714 1183 857 1236 singulis
889 1182 1060 1222 formulis
1090 1182 1203 1222 altera
1234 1184 1423 1225 variabilis
1439 1198 1474 1238 y

201 1246 348 1286 nonnisi
380 1247 533 1286 vnicam
565 1245 734 1285 obtineat
763 1244 1058 1286 dimenfionem.

582 1354 975 1399 COROLL.
1044 1368 1085 1406 3.

356 1439 424 1479 55.
476 1429 812 1484 Quemadmodum
864 1431 903 1470 in
954 1429 1034 1471 casu
1068 1431 1226 1472 duarum
1260 1429 1479 1473 huiusmodi

203 1492 450 1534 formularum
504 1494 784 1546 propositarum
836 1494 992 1547 reperiri
1034 1493 1190 1547 poffunt
1223 1505 1246 1542 3
1281 1496 1479 1536 solutiones

205 1567 244 1597 et
278 1558 318 1597 in
350 1558 429 1597 casu
461 1560 576 1597 trium
611 1556 856 1598 formularum
888 1571 918 1607 9
951 1555 1182 1612 solutione53
1229 1558 1278 1598 fic
1311 1559 1349 1600 in
1399 1560 1479 1600 casu

210 1633 240 1669 4
267 1621 512 1661 formularum
545 1620 786 1659 inueniuntur
816 1634 858 1671 4.
897 1634 924 1670 9
944 1633 1001 1659 Ξ
1023 1623 1082 1667 36
1115 1621 1327 1663 solutiones.
1404 1625 1480 1665 At-

211 1695 280 1735 que
329 1696 443 1735 porro
494 1685 532 1723 in
573 1684 655 1723 casu
690 1693 711 1731 5
749 1683 995 1724 formularum
1034 1694 1075 1732 ς.
1113 1688 1170 1733 36
1189 1698 1244 1725 z
1268 1689 1350 1724 180
1385 1685 1477 1727 solu·

214 1746 333 1785 tiones
353 1778 363 1797 ‚
416 1747 454 1785 in
498 1748 580 1787 casu
625 1751 656 1786 6
686 1745 936 1790 formularum
972 1745 1015 1789 6.
1055 1752 1215 1789 180:
1239 1756 1354 1792 1080
1385 1750 1479 1791 solu·

210 1810 351 1861 tiones,
385 1819 425 1849 et
454 1810 503 1849 ita
535 1821 667 1862 porro.

518 1916 1181 1977 PROBLEMA'13.

368 1995 440 2040 56.
483 1990 522 2032 Si
562 1995 777 2047 propositae
810 1997 947 2037 fuerint
979 2008 1215 2052 quotcunque
1264 1997 1482 2040 huiusmodi

216 2056 399 2099 formulae
449 2055 647 2109 integrales
680 2054 849 2111 sde
901 2060 961 2100 vel
998 2058 1037 2115 s
1052 2058 1089 2102 Z
1110 2063 1209 2113 dy,
1266 2063 1303 2101 in
1353 2064 1485 2114 quibus

210 2120 390 2161 omnibus
424 2117 466 2159 Z
500 2120 542 2159 fit
575 2119 720 2161 funffio
752 2122 997 2177 homogenea
1031 2125 1195 2177 ipsarum
1222 2136 1254 2163 x
1286 2135 1324 2162 et
1350 2138 1405 2175 y,
1446 2134 1484 2164 et

275 2183 399 2224 Tom.
408 2182 460 2222 V.
469 2182 577 2223 Nou.
589 2180 713 2225 Com.
1086 2185 1139 2240 Q
1438 2188 1482 2229 in
