2062 2664
1113 193 1148 243 )(
1185 196 1240 244 38
1275 188 1304 246 l(

563 330 655 366 tatus
704 316 896 363 Gmelinus
926 349 938 368 ‚
1000 317 1054 360 M
1056 312 1316 373 effitfihmidii
1369 313 1556 370 exemplo
1582 346 1595 367 ,
1643 315 1852 360 Caniculam

562 385 729 428 vocauit.
794 383 1006 425 Iucundum
1028 415 1039 434 ,
1073 382 1099 422 si
1132 381 1234 434 quod
1269 380 1398 432 aliud,
1434 379 1607 433 adspectu
1635 380 1853 431 animalest‚

563 450 666 503 quod
702 460 769 489 nos
800 447 907 500 saepe
940 457 1098 486 numero
1132 456 1211 483 non
1246 444 1371 484 minus
1408 443 1574 495 agilitate
1606 444 1645 483 in
1679 444 1858 485 cuniculis

562 511 776 563 fodiendis,
811 522 923 564 quam
964 509 1003 548 in
1038 506 1220 557 saliendo,
1252 507 1290 546 in
1324 507 1517 559 stuporem
1548 507 1720 548 coniecit.
1762 508 1859 548 For-

565 577 757 619 mauimus
789 572 990 626 aliqnando
1022 570 1198 611 circulum
1221 568 1259 608 in
1278 580 1423 623 campo
1442 569 1860 623 plano‚quinquaginta

566 646 606 679 et
646 637 808 690 amplius
841 636 1045 677 hominum
1068 667 1079 685 ,
1127 629 1249 686 presse
1283 632 1351 673 sibi
1401 632 1567 671 inuicem
1606 632 1826 673 adstantium
1849 662 1861 683 ,

569 700 836 742 animalculum
873 699 911 738 in
943 708 1072 738 centro
1103 703 1358 749 reponentes,
1389 695 1490 747 quod
1522 706 1610 734 cum
1643 696 1727 748 post
1752 707 1862 748 quae-

569 765 661 805 dam
696 763 899 803 tentamina
932 760 1108 800 inutiliter
1137 758 1233 797 faeta
1252 790 1265 810 ‚
1302 757 1467 810 effugere
1497 756 1733 810 desperaret,
1764 768 1866 799 mox

570 827 618 867 ad
648 825 859 864 cuniculum
889 823 1111 861 fodiendum
1142 824 1176 860 ie
1229 820 1468 873 adplicauit,
1517 830 1555 860 et
1604 821 1706 861 breui
1755 820 1867 860 valde

573 888 758 940 temporis
790 886 995 925 interuallo*
1024 884 1192 924 laborem
1225 882 1276 922 ita
1306 883 1506 936 promouit
1527 913 1540 934 ,
1570 893 1613 923 vt
1644 884 1684 924 in
1725 892 1868 923 terram

572 950 720 1004 prorsus
759 950 791 988 le
833 947 1078 996 occultafl‘et,
1112 945 1181 985 nisi
1212 957 1233 984 a
1266 947 1375 986 nobis
1408 958 1518 987 mora
1549 946 1687 986 iniecta
1728 946 1869 986 fuiffet.

575 1010 678 1053 Cum
716 1011 924 1064 digitorum
958 1021 1132 1050 numerus
1157 1010 1208 1048 ab
1238 1007 1301 1049 Ill.
1341 1009 1501 1050 Linnaeo
1546 1009 1657 1049 aliter
1693 1035 1705 1060 ‚
1757 1020 1802 1048 ac
1848 1019 1871 1048 a

574 1075 739 1116 Gmelino
762 1105 772 1123 ,
815 1073 1010 1122 tradatur,
1051 1082 1132 1109 non
1180 1070 1316 1110 inutile
1359 1073 1435 1110 erit
1478 1071 1672 1110 obseruare
1708 1100 1719 1119 ‚
1768 1069 1871 1123 quod

578 1135 857 1190 Haffelquistius
887 1146 909 1172 e
939 1144 1070 1173 contra
1103 1130 1268 1172 Gmelino
1307 1132 1454 1171 affentit
1481 1163 1492 1179 ,
1527 1144 1650 1184 eoque
1689 1132 1772 1186 ipso
1813 1144 1874 1172 ac.

579 1204 816 1240 curationem
849 1195 965 1236 nostri
995 1195 1040 1236 in
1067 1193 1388 1235 obseruationibus
1423 1192 1604 1234 faciendis
1633 1198 1689 1236 'et
1734 1194 1874 1236 descri-

582 1260 964 1306 bendis-confirmat.
1036 1261 1046 1269 ·

800 1382 1063 1429 Cuniculus
1099 1382 1351 1440 insigniter
1387 1382 1652 1427 caudatus.

735 1511 899 1554 Animal
929 1512 1079 1566 campis
1108 1510 1421 1564 Mongolenfibus
1439 1542 1452 1563 ‚
1478 1521 1552 1565 >qua
1579 1508 1646 1550 fiib
1669 1507 1875 1552 Rufforum

588 1575 857 1619 dominatione
887 1575 969 1616 sunt
989 1608 1000 1627 ‚
1033 1575 1230 1628 proprium
1260 1607 1271 1625 ,
1302 1574 1406 1628 quod
1443 1573 1572 1615 habitu
1620 1574 1789 1626 corporis
1835 1582 1878 1614 ⁸ei:

592 1640 724 1681 colore
755 1640 922 1693 pilorum
954 1639 1127 1692 leporem
1163 1638 1302 1677 exa<ste
1336 1636 1447 1676 refert
1470 1669 1480 1688 ,
1512 1636 1626 1677 cauda
1660 1647 1806 1677 tantum
1838 1644 1879 1676 et

593 1702 765 1744 moribus
797 1703 842 1743 ad
877 1699 1105 1742 Cuniculum
1142 1701 1263 1752 magis
1295 1700 1556 1740 accedentibus
1590 1698 1729 1741 differt.
1795 1699 1880 1740 Hac

593 1765 842 1812 similitudine,
866 1764 1005 1804 induiti
1038 1763 1297 1816 Mongoienses
1336 1762 1560 1803 vocabulum
1594 1760 1704 1802 Tolai
1736 1793 1750 1812 ‚
1803 1773 1879 1814 quo

595 1828 768 1880 leporem
819 1827 1017 1880 vulgarem
1060 1825 1251 1878 designant
1283 1855 1296 1876 ,
1343 1823 1429 1864 huic
1480 1836 1626 1877 quoque
1675 1823 1877 1875 adplicant.

594 1889 701 1932 Ruffi
734 1898 858 1929 autem
892 1890 1039 1930 istarum
1082 1891 1284 1941 regionum
1302 1920 1315 1938 ‚
1345 1888 1389 1927 ad
1407 1887 1658 1927 diuerfitatem
1678 1885 1878 1937 allegatam

588 1952 833 2006 ,respicientes
851 1985 861 2004 ‚
897 1951 1165 2005 Mongolicum
1201 1963 1344 1991 nomen
1376 1950 1535 1988 retinere
1559 1947 1705 1987 malunt
1724 1974 1736 1996 ‚
1765 1961 1879 2001 quam

599 2014 704 2056 suum
737 2014 839 2054 dare.
902 2016 1007 2055 Haec
1037 2025 1170 2054 notare
1203 2012 1355 2052 sufficiat
1374 2023 1386 2062 3
1407 2010 1567 2062 reliqua,
1601 2022 1696 2062 quae
1726 2023 1778 2050 ex
1805 2011 1882 2065 ipla

560 2100 565 2105 κ
599 2077 848 2132 descriptione
866 2077 1071 2133 patestunt,
1089 2076 1398 2131 inperuacaneum
1416 2072 1512 2114 foret
1530 2071 1603 2114 huc
1620 2073 1882 2115 transscribere.

1771 2134 1883 2192 Isatis
