2062 2664
614 151 698 191 :390
831 127 1692 179 OBSERVATIONES

610 248 706 288 Maii
845 258 913 285 11.
952 249 1018 285 28.
1060 256 1114 295 50
1179 267 1198 274 —
1268 254 1335 293 27.
1380 253 1449 293 53.
1515 257 1546 293 4
1609 266 1629 274 -
1689 265 1704 272 -
1747 253 1790 281 0.
1823 252 1877 292 95

608 309 710 350 Iunii
880 319 921 356 7.
960 313 1028 347 28.
1070 319 1118 357 15
1188 333 1202 339 -
1273 318 1340 353 27.
1375 311 1449 347 68.
1490 320 1543 356 19
1612 335 1624 337 «ν
1694 329 1713 338 -
1743 318 1785 345 ο,
1823 317 1882 355 47

607 372 694 413 Iulii
852 383 919 419 13.
959 376 1027 410 28.
1065 384 1123 421 47
1190 394 1206 402 -
1277 381 1330 419 27
1381 376 1451 418 65.
1517 385 1548 420 4
1608 393 1628 399 -
1693 391 1713 400 -
1744 381 1788 408 0.
1827 372 1880 407 82

606 436 763 488 Augusti
849 448 920 484 24.
961 439 1030 474 28.
1066 446 1124 484 47
1187 457 1205 464 -
1278 443 1348 480 27.
1384 437 1455 482 48.
1493 447 1547 483 29
1610 453 1633 462 —
1693 452 1697 461 ·
1744 445 1788 472 0.
1823 444 1880 482 99

605 497 820 551 Septembr.
849 510 917 546 15.
956 502 1024 537 28.
1060 507 1113 545 45
1181 521 1195 527 -
1272 508 1345 544 27.
1380 508 1451 546 35.
1485 509 1544 546 24
1604 520 1622 529 -
1683 519 1699 528 -
1745 507 1785 534 1.
1823 504 1877 544 :35

604 562 782 610 Octobris
879 564 918 598 8.
954 564 1026 598 28.
1060 571 1120 610 40
1182 579 1202 588 -
1276 569 1347 607 27.
1384 571 1454 598 00.
1617 580 1637 588 -
1697 580 1714 589 -
1753 570 1793 597 ι.
1824 570 1884 608 40

604 624 823 665 Nouembr.
851 635 921 671 29.
961 627 1031 663 28.
1067 633 1126 672 47
1193 647 1208 656 -
1275 631 1347 671 27.
1387 633 1454 669 23.
1494 632 1544 670 25
1612 646 1631 653 -
1693 643 1713 651 -
1747 633 1781 660 1.
1823 633 1883 672 24

604 685 815 729 Decembr.
843 690 915 725 18.
952 691 1024 726 28.
1058 689 1131 736 65.
1197 707 1214 716 -
1278 696 1348 735 27.
1390 692 1456 734 85.
1498 698 1577 731 :za>
1618 707 1633 715 -
1697 706 1715 714 —
1750 696 1791 723 0.
1826 679 1882 723 80

721 796 936 839 Secundum
970 796 1038 838 has
1079 795 1355 837 obseruationes
1405 795 1552 836 summa
1584 796 1762 837 mercurii
1797 795 1884 836 alti-

605 861 698 902 tudo
748 873 815 915 per
867 871 996 901 totum
1050 872 1190 900 annum
1241 859 1308 899 fuit
1345 866 1414 900 28.
1451 871 1508 909 90
1532 889 1544 911 ,
1593 869 1721 902 notata
1758 857 1884 901 mense

605 922 755 966 Martio
786 923 846 964 die
883 937 941 973 14
971 922 1010 964 h.
1052 928 1090 962 8.
1125 936 1159 964 a.
1197 935 1251 965 m.
1317 922 1661 964 Thermometrum
1697 922 1884 964 indicabat

607 988 764 1042 gradum
816 997 934 1039 150,
986 987 1137 1027 coelum
1191 985 1456 1029 sereniffimum
1493 996 1602 1038 erat,
1646 986 1702 1025 vti
1733 996 1885 1038 quoque

604 1051 686 1091 dies
748 1051 981 1098 antecedens,
1042 1058 1081 1088 et
1134 1048 1276 1100 aliquot
1320 1050 1507 1101 sequentes
1554 1050 1699 1089 fuerunt
1749 1047 1881 1090 sereni.

602 1111 657 1154 V.
702 1111 841 1154 ONO
893 1111 1094 1153 mediocri.
1169 1110 1338 1154 Minima
1389 1111 1546 1153 altitudo
1595 1111 1665 1152 fuit
1708 1119 1780 1160 27.
1822 1122 1882 1151 00

601 1175 784 1217 Οᾶοὺῑίε
832 1187 890 1226 14
922 1173 961 1215 h.
1000 1184 1041 1223 7.
1078 1187 1115 1217 a.
1148 1186 1202 1216 m.
1236 1173 1456 1224 obseruata,
1504 1174 1617 1214 coelo
1666 1172 1796 1214 nubilo
1843 1180 1885 1213 et

601 1239 762 1293 plnum,
813 1237 852 1280 V
902 1234 941 1278 S.
969 1238 1058 1290 'qui
1109 1236 1241 1291 paullo
1290 1237 1373 1289 post
1423 1237 1462 1274 in
1497 1236 1559 1274 W
1599 1243 1763 1274 mutatus
1814 1233 1879 1276 est.

601 1301 959 1343 Thermometrum
1010 1299 1197 1339 indicabat
1235 1299 1392 1352 gradum
1429 1306 1532 1346 139.
1601 1295 1695 1338 Dies
1728 1304 1881 1337 antece-

601 1364 698 1404 dens
747 1370 785 1401 et
835 1360 1067 1414 consequens
1117 1372 1263 1414 quoque
1315 1359 1431 1400 nubili
1480 1368 1520 1398 et
1551 1357 1670 1411 pluuii
1719 1356 1880 1399 fuerunt.

600 1426 706 1468 Hinc
742 1424 903 1477 patescit,
938 1424 1155 1464 maximam
1188 1421 1432 1461 differentiam
1469 1428 1551 1458 toto
1569 1430 1684 1471 anno,
1722 1417 1781 1459 seu
1814 1431 1883 1462 va-

601 1489 800 1532 riationem
850 1496 1014 1528 annuam
1066 1484 1245 1526 mercurii
1293 1481 1550 1533 altitudinum,
1585 1481 1690 1523 fuiffe
1741 1494 1781 1523 1.
1823 1494 1881 1535 90

600 1557 774 1613 adeoque
813 1553 865 1607 ,ᾗ
903 1555 1100 1609 maiorem,
1152 1566 1263 1607 quam
1298 1567 1402 1596 anno
1435 1555 1686 1611 praecedenti.
1748 1555 1880 1610 Quum

600 1619 747 1661 summa
782 1618 891 1662 huius
923 1618 1012 1660 anni
1047 1617 1210 1658 altitudo
1243 1630 1319 1660 non
1353 1617 1500 1672 superet
1533 1618 1636 1661 illam
1662 1648 1673 1667 ‚
1712 1630 1808 1670 quae
1841 1620 1880 1662 in

600 1682 906 1726 antecedentibus
952 1681 1263 1721 obseruationibus
1312 1678 1453 1724 summa
1514 1681 1742 1737 deprehensa
1790 1681 1877 1737 est;

603 1754 736 1788 manet
770 1744 830 1789 illa
865 1745 1057 1785 inuariata.
1127 1742 1296 1787 Minima
1328 1756 1474 1798 quoque
1503 1743 1609 1788 huius
1637 1744 1724 1786 anni
1755 1743 1881 1786 altitu-

599 1808 653 1850 do
697 1809 826 1848 minor
854 1807 906 1848 est
927 1807 1100 1857 minima,
1130 1807 1207 1849 iam
1243 1809 1281 1849 in
1316 1807 1617 1850 antecedentibus
1648 1807 1895 1850 obseruatio-¹

599 1870 710 1913 nibus
742 1870 916 1920 indicata,
951 1869 1040 1915 hinc
1068 1880 1107 1908 et
1137 1869 1200 1910 illa
1236 1871 1401 1912 minima
1431 1871 1549 1911 adhuc
1581 1880 1723 1913 manet.
1763 1869 1874 1912 Idem

604 1932 705 1974 valet
734 1945 882 1987 quoque
915 1933 961 1973 de
993 1931 1115 1984 spatio
1147 1933 1395 1973 variationum
1430 1933 1761 1974 barometricarum
1795 1944 1880 1972 ma-

602 1997 744 2051 -XimO,
803 1996 903 2056 quod
944 1996 1046 2042 idem
1076 1995 1226 2051 perstat,
1255 2008 1369 2053 quum
1402 1995 1477 2041 hoc
1506 1993 1665 2053 spatium
1699 1995 1879 2038 variatio-

1822 2069 1880 2103 ms
