2062 2664
308 183 382 224 IN
436 177 735 223 ANALTSI
764 176 1268 226 INFINITORVM.
1342 189 1422 226 123

540 289 939 332 COROLL.
1011 307 1048 332 1.

319 385 393 424 57,
427 371 574 426 Excipi
606 382 736 412 tamen
769 372 909 413 debent
942 374 968 412 ii
1002 375 1130 423 casus,
1181 374 1309 426 quibus
1352 375 1432 414 fun-

169 441 344 481 &tionum
395 432 432 476 Z
479 448 655 476 numerus
703 437 977 477 dimensionum
1014 448 1036 475 n
1077 436 1130 476 est
1164 450 1274 476 :-
1303 450 1338 486 1,
1372 439 1432 477 seu

169 517 193 544 n
211 511 273 547 -4-
303 516 320 541 1
336 512 435 550 Σο,
468 500 647 553 quoniam
681 499 739 540 his
756 501 894 541 casibus
912 499 1146 544 reduc'tiones
1165 500 1226 540 hic
1245 498 1432 540 adhibitae

170 579 246 606 non
274 564 474 605 succedunt.

550 645 946 690 COROLL.
1017 660 1057 688 2.

316 734 386 778 58.
419 729 526 770 Patet
557 730 684 783 etiam,
714 743 957 784 quaecunque
990 739 1028 770 et
1046 737 1283 783 quotcunque
1299 727 1435 768 fuerint

163 793 347 833 formulae
381 792 608 847 propositae,
660 795 873 834 dummodo
906 806 970 834 eae
1004 805 1137 833 omnes
1171 806 1237 845 per
1270 792 1435 832 substitu-

164 858 309 899 ¹tionem
363 865 424 897 aut
474 856 850 901 transformationem
885 858 1107 911 quampiam
1142 858 1186 896 ad
1220 854 1436 895 huiusmodi

169 920 307 960 formas
329 917 392 972 su
414 922 452 962 Θ
472 920 529 960 dt
561 921 689 961 reduci
722 929 882 974 queant,
935 933 994 960 eas
1026 931 1159 959 ornnes
1190 920 1337 972 semper
1378 919 1436 959 in-

167 985 362 1038 tegrabiles
393 984 496 1025 reddi
532 984 649 1037 poffe.

550 1088 1059 1139 SCHOLIO'N.

319 1188 390 1227 59.
459 1178 528 1218 Vis
572 1180 685 1231 igitur
732 1179 901 1219 methodi
952 1177 1126 1218 haetenus
1162 1175 1358 1228 expositae
1398 1177 1439 1217 in

165 1239 240 1281 hoc
270 1241 443 1291 consistit,
478 1249 523 1278 vt
552 1250 732 1293 quotquot
764 1250 1026 1294 proponantur
1058 1238 1242 1279 formulae
1272 1240 1439 1293 integra-

164 1304 218 1344 les
249 1303 337 1343 duas
370 1303 564 1342 variabiles
597 1315 626 1343 x
658 1311 697 1342 et
717 1317 750 1355 y
783 1304 1046 1354 inuoluentes‚
1079 1302 1295 1343 dummodo
1312 1303 1351 1341 in
1369 1303 1435 1343 fin-

164 1366 260 1420 gulis
310 1367 423 1406 altera
476 1367 658 1407 variabilis
677 1382 712 1420 y
746 1369 897 1407 vnicam
945 1367 1116 1407 obtineat
1159 1365 1439 1406 dimensionem

163 1432 287 1470 eiusue
319 1431 563 1471 differentiale
597 1432 658 1483 dy
677 1464 688 1484 ,
740 1430 909 1471 reductio
959 1430 1005 1473 ad
1035 1429 1182 1471 valores
1215 1429 1442 1481 algebraicos

161 1493 308 1547 semper
341 1493 470 1547 perfici
501 1503 642 1547 queat3
694 1494 768 1534 hoc
803 1506 894 1546 ergo
925 1494 1078 1544 euenit,
1113 1494 1139 1533 fi
1173 1492 1333 1545 singulae
1364 1492 1438 1532 for-

163 1558 292 1598 mulae
322 1558 458 1598 fuerint
486 1558 547 1597 vel
576 1556 683 1598 huius
715 1557 861 1609 generis
887 1552 1066 1609 sdex‚
1085 1556 1150 1596 vel
1167 1555 1274 1595 huius
1291 1552 1439 1608 sXdy,

168 1631 365 1673 propterea
399 1621 499 1675 quod
533 1620 642 1660 huius
676 1620 877 1672 integratio
896 1629 1089 1660 reuocatur
1120 1620 1163 1659 ad
1190 1618 1284 1658 hanc
1303 1615 1440 1672 sde,

169 1683 348 1735 siquidem
381 1687 424 1725 X
456 1685 499 1725 fit
532 1683 675 1723 funetio
706 1695 943 1736 quaecunque
978 1683 1083 1736 ipsius
1118 1695 1158 1722 x.
1241 1682 1367 1735 Atque
1399 1682 1442 1725 hi.

170 1745 248 1785 sunt
282 1745 376 1785 casus
395 1779 405 1797 ,
439 1749 567 1800 quibus
599 1748 687 1787 duas
722 1746 890 1800 pluresue
924 1746 1102 1787 formulas
1134 1745 1332 1797 integrales
1362 1745 1443 1798 pri-

172 1809 226 1848 mi
262 1809 415 1849 *ordinis
461 1810 559 1850 mihi
609 1812 763 1862 quidem
813 1810 934 1851 adhuc
963 1810 1008 1850 ad
1042 1809 1185 1850 valores
1216 1808 1442 1861 algebraicos

167 1872 346 1911 reducere
375 1873 550 1926 contigit.
619 1872 771 1914 Dantur
802 1886 894 1913 vero
924 1874 1039 1914 etiam
1075 1872 1254 1913 formulae
1295 1871 1441 1912 secundi

168 1933 473 1988 superiorumque
527 1936 717 1989 ordinum,
771 1949 857 1990 quas
889 1936 994 1977 facile
1025 1938 1070 1978 ad
1105 1935 1283 1976 formulas
1324 1934 1442 1989 primi

168 1998 309 2037 ordinis
339 2000 486 2038 formae
504 1995 682 2052 sdex
716 2001 894 2040 reducere
924 2001 1040 2050 licet,
1076 2012 1128 2040 ex
1161 2012 1253 2053 qim,
1286 1999 1315 2039 si
1349 1999 1442 2048 eiu-s·

170 2061 277 2100 modi
312 2061 495 2102 formulae
529 2062 726 2115 integrales
760 2062 988 2116 superiorum
1024 2063 1201 2105 ordinum
1236 2068 1441 2111 occurrant,

168 2123 345 2167 resolutio
391 2126 670 2181 problematum
723 2127 902 2169 haetenus
934 2128 1132 2169 allatorum
1171 2124 1328 2178 perinde
1361 2122 1443 2161 suc-

876 2190 927 2244 Q
952 2202 976 2228 2
1315 2185 1438 2226 cedet.
