2062 2664
232 192 312 234 DE
332 181 623 232 METHODO
642 185 1065 230 DIOPHANTEAE
1085 183 1359 231 ANALOGA
1396 189 1417 225 8
1428 196 1449 235 5

189 305 233 344 da
281 302 492 350 sufficiunt3
549 309 663 350 eaque
696 298 757 338 hic
787 308 966 351 qnantum
1011 309 1149 351 potero
1171 330 1180 343 ,
1221 301 1380 341 breuiter
1420 307 1458 339 et

189 367 345 412 dilucxide
380 373 590 414 exponam,
622 374 694 413 quo
727 362 903 410 aliorum,
939 363 1003 414 qui
1032 363 1070 400 in
1106 362 1180 401 hoc
1213 376 1351 414 genere
1381 363 1459 402 ela-

190 431 317 470 borare
355 427 550 470 voluerint,
585 436 696 477 opera
730 434 1003 477 promoneatur
1032 436 1074 463 ac
1106 423 1325 465 subleuetur.

338 491 389 530 Vt
421 488 531 540 igitur
563 488 731 539 primum
772 487 941 528 indolem
977 497 1015 527 et
1047 497 1215 528 naturam
1251 488 1356 527 huius
1391 499 1461 527 no-

190 568 256 596 uae
290 551 463 592 methodi
514 550 712 600 definiam,
745 564 788 591 ea
821 564 870 591 ex
900 551 1140 592 similitudine
1174 552 1349 592 methodi
1381 551 1466 589 dio-

187 608 372 670 phanteae
404 615 712 655 commodissime
750 626 903 668 petetur.
991 615 1326 670 Quemadmodum
1361 614 1465 653 enim

187 679 387 720 methodus
435 677 684 731 Diophantea
734 679 779 718 ad
821 678 1057 732 problemata
1088 679 1374 718 indeterminata
1414 676 1466 716 est

172 743 481 783 accommodata
502 774 513 792 ,
561 752 670 795 atque
703 754 755 782 ex
787 742 928 781 infinita
960 742 1188 782 solutionum
1226 741 1466 782 multitudine

191 818 251 846 eas
282 806 415 846 elicere
447 804 590 856 docet,
633 818 728 858 quae
769 806 1036 858 quantitatibus
1070 806 1307 844 rationalibus
1343 803 1469 843 couti-

191 879 376 915 neantur:
421 869 469 908 ita
511 880 608 907 noua
647 868 768 909 nostra
801 867 1004 908 methodus
1046 881 1198 920 quoque
1233 867 1377 907 nonnisi
1411 868 1468 905 in—

189 932 438 973 determinata
470 931 709 985 problemata
750 931 1050 984 complestitur3
1093 939 1131 968 et
1172 942 1259 968 cum
1295 930 1471 969 discrimi-
1507 920 1516 932 ‘

193 996 245 1047 ni,
276 996 376 1048 quod
411 996 448 1034 in
491 995 627 1045 analyfi
669 993 864 1034 finitorum
897 995 993 1034 inter
1026 993 1246 1045 quantitates
1277 994 1473 1031 rationales

193 1069 233 1097 et
266 1057 385 1098 surdas
415 1058 515 1097 statui
546 1056 653 1107 solet,
685 1059 720 1096 in
754 1058 884 1108 analyss
918 1056 1152 1095 infinitorum
1185 1054 1381 1093 discrimen
1416 1055 1452 1093 in

195 1129 254 1160 ter
287 1120 502 1172 quantitates
550 1118 768 1170 algebraicas
819 1132 860 1158 ac
903 1117 1202 1157 transcendentes
1241 1117 1473 1168 respondeat,

194 1195 313 1221 nouae
357 1182 499 1221 nostrae
533 1181 706 1220 methodi
762 1182 817 1219 vis
847 1184 883 1220 in
927 1181 1001 1219 hoc
1034 1181 1101 1218 erit
1136 1179 1281 1232 posita,
1333 1189 1374 1219 vt
1424 1192 1474 1220 ex

193 1243 339 1283 infinita
389 1246 564 1295 cuiusque
598 1243 839 1294 problematis
870 1242 1096 1282 solutionum
1130 1243 1270 1294 copia,
1319 1255 1386 1282 eae
1422 1245 1476 1282 se·-

193 1317 419 1354 cernantur,
477 1317 569 1358 qnae
629 1305 890 1358 quantitatibus
938 1304 1150 1357 algebraicis
1198 1306 1473 1345 contineantur.

174 1368 427 1412 ..Huiusmodi
484 1369 594 1421 igitur
631 1359 893 1421 'problemata
953 1369 1237 1409 indeterminata
1285 1369 1476 1408 methodo

197 1433 340 1474 nostrae
373 1432 454 1472 lunt
488 1432 658 1484 propria,
692 1445 856 1485 quorum
891 1430 1027 1473 solutio
1044 1433 1083 1471 in
1116 1443 1254 1484 genere
1292 1440 1477 1485 concepta

196 1495 372 1537 formulas
389 1496 702 1543 transcendentes,
736 1495 797 1534 seu
830 1496 1024 1547 integrales
1056 1495 1233 1546 inuoluit,
1264 1507 1316 1535 ex
1348 1497 1479 1548 quibus

198 1561 372 1613 deinceps
421 1572 486 1599 eos
520 1557 617 1598 casus
650 1558 735 1597 elici
769 1566 949 1611 oportet,
982 1559 1112 1611 quibus
1142 1559 1362 1610 quantitates
1393 1558 1479 1598 illae

202 1624 502 1663 transcendentes
551 1623 588 1661 in
622 1620 843 1675 algebraicas
877 1621 1044 1673 abeunt,
1094 1619 1168 1673 seu,
1206 1622 1306 1673 quod
1340 1622 1479 1662 eodem

204 1687 312 1737 redit,
344 1686 527 1726 formulae
561 1685 644 1724 illae
678 1685 871 1738 integrales
902 1685 1198 1737 integrationem
1233 1684 1447 1724 admittant.

353 1748 421 1788 Per
455 1748 679 1800 exemplum
704 1746 793 1789 ’tam
839 1758 966 1788 natura
1000 1748 1106 1788 huius
1139 1760 1258 1787 nouae
1290 1746 1480 1798 methodi,

204 1823 317 1865 quam
365 1811 444 1851 eius
492 1810 654 1850 affinitas
687 1824 773 1851 cum
826 1811 1011 1852 methodo
1058 1810 1289 1863 diophantea
1351 1810 1482 1850 clarius

203 1874 396 1914 elucescet.
475 1873 541 1913 Vti
575 1876 677 1913 enim
712 1875 749 1914 in
783 1875 968 1915 methodo
999 1874 1231 1928 diophantea
1262 1874 1387 1926 quaeri
1420 1872 1483 1912 (0⁴

179 1935 255 1977 -let
274 1968 285 1986 ‚
320 1936 520 1989 quomodo
572 1938 790 1988 quantitates
836 1951 863 1979 x
893 1947 928 1978 et
946 1952 979 1991 y
1011 1940 1105 1978 inter
1155 1938 1190 1976 se
1219 1938 1378 1977 debeant
1409 1936 1483 1976 effe

204 2009 465 2052 comparatae,
499 2008 539 2038 vt
574 1998 667 2038 haec
701 1999 864 2041 formula
896 1998 1175 2054 V(xx-t--yy)
1210 2000 1274 2040 fiat
1313 2001 1483 2040 rationa-

179 2063 281 2114 ..lis,
331 2063 386 2102 itav
431 2064 471 2103 in
518 2074 614 2101 noua
665 2063 786 2103 nostra
827 2064 1017 2105 methodo
1046 2065 1130 2105 huic
1161 2065 1290 2106 slmillS
1319 2064 1389 2101 erit
1423 2061 1485 2100 ista

186 2126 389 2181 -quaestio,
422 2139 493 2180 qua
525 2125 620 2166 inter
640 2127 859 2180 quantitates
889 2128 1081 2168 variabiles
1110 2141 1139 2168 x
1171 2137 1209 2166 et
1225 2140 1259 2176 y
1294 2138 1338 2164 ea
1372 2136 1484 2176 quae-

938 2189 971 2229 L
1008 2202 1032 2239 3
1392 2187 1483 2228 titur
