2062 2664
616 230 705 260 212
927 218 1036 261 DE
1096 215 1573 262 SERIEBVS

608 329 777 372 infinitae
810 330 848 370 in
880 330 1016 383 analyfi
1049 331 1175 371 locum
1210 331 1419 383 inueniunt,
1462 340 1638 384 quatenus
1672 343 1720 371 ex
1752 332 1878 373 euolu-

610 395 714 433 tione
750 394 955 446 cuiuspiam
987 393 1235 446 expressionis
1268 394 1392 434 finitae
1425 395 1504 433 sunt
1537 404 1670 445 01-t21e3
1708 404 1746 433 et
1780 395 1878 434 hanc

609 457 660 497 ob
697 468 780 496 rem
815 456 852 495 in
898 456 1042 497 calculo
1071 457 1216 508 semper
1256 456 1341 496 loco
1375 457 1547 509 cuiusque
1578 456 1676 495 seriei
1712 456 1880 496 infinitae

609 531 695 559 eam
729 518 944 570 formulam,
980 530 1032 558 ex
1060 520 1161 558 cuius
1195 519 1408 559 evolutione
1441 520 1494 560 est
1527 529 1630 568 nata,
1668 519 1878 559 substituere

608 581 710 622 licet.
797 581 897 622 Hinc
930 581 1248 634 quemadmodum
1287 583 1435 622 summo
1467 594 1553 621 cum
1584 581 1703 621 fructu
1735 582 1880 635 regulae

608 645 704 684 tradi
736 643 865 694 solent,
899 642 1148 696 expreffiones
1181 642 1331 694 finitas,
1379 644 1436 682 sed
1468 643 1589 683 forma
1637 646 1757 683 minus
1798 645 1877 684 ido-

611 718 681 746 nea
718 707 915 758 praeditas,
948 707 986 744 in
1020 705 1128 744 series
1159 705 1320 745 infinitas
1352 707 1607 756 conuertendi‚
1640 708 1688 745 ita
1720 706 1877 746 viciffim

609 767 824 808 vtiliffimae
857 768 935 807 sunt
967 766 1167 806 censendae
1200 767 1374 819 regulae,
1422 780 1576 820 quarum
1609 779 1699 820 ope,
1731 769 1756 809 s1
1789 781 1880 821 pro.

607 830 727 882 pofita
757 828 864 869 fuerit
896 830 998 870 {eries
1028 828 1174 869 infinita
1205 842 1454 883 quaecunque,
1486 841 1528 868 ea
1560 830 1743 883 expreffio
1773 831 1880 871 finita

608 891 817 944 inuestigari
848 902 971 946 queat,
988 903 1039 931 ex
1059 905 1128 946 qua
1145 904 1189 932 ea
1207 892 1375 945 resultet3
1404 903 1548 932 etcum
1569 892 1658 932 haec
1681 893 1881 946 expressio,

608 953 756 1008 semper
806 954 882 994 fine
932 966 1057 995 errore
1108 955 1196 994 loco
1229 956 1331 994 seriei
1365 955 1533 995 infinitae
1563 955 1721 995 substitui
1756 955 1881 1008 possit,

609 1015 755 1057 neceffe
787 1017 850 1068 est,
888 1027 930 1057 vt
964 1018 1154 1070 vtriusque
1188 1017 1290 1058 idem
1323 1019 1363 1058 fit
1395 1018 1533 1070 valor,
1570 1030 1618 1056 ex
1651 1030 1727 1071 quo
1758 1017 1881 1057 effici-

612 1088 681 1130 tur,
715 1079 854 1119 nullam
888 1080 964 1120 dari
997 1079 1130 1120 seriem
1176 1079 1361 1119 infinitam
1386 1112 1397 1130 ‚
1431 1081 1518 1133 quin
1551 1079 1660 1120 simul
1695 1079 1884 1133 expreffio

613 1142 718 1184 finita
751 1141 803 1180 illi
836 1141 1066 1194 aequin-alens
1097 1142 1245 1194 concipi
1279 1151 1400 1194 queat.

760 1204 796 1252 5.
845 1216 913 1242 12.
947 1203 988 1244 Si
1018 1205 1130 1256 igitur
1165 1213 1359 1257 receptam
1391 1205 1557 1244 stimmae
1593 1205 1792 1245 notionem
1827 1206 1881 1245 itai

612 1274 754 1308 tantum
789 1266 1042 1315 immutemus,
1074 1275 1114 1305 vt
1146 1266 1324 1316 dicamus,
1356 1268 1523 1317 cuiusque
1557 1267 1656 1304 seriei
1690 1266 1879 1305 summam

611 1330 688 1370 effe
723 1327 998 1380 expreffionem
1034 1327 1200 1374 finitam,
1231 1339 1283 1366 ex
1315 1328 1414 1367 cuius
1450 1326 1661 1365 euolutione
1704 1326 1764 1366 illa
1803 1328 1877 1380 ipsa

608 1390 714 1430 series
766 1390 962 1442 nascatur,
1010 1402 1143 1429 omnes
1185 1388 1421 1429 difficultates
1443 1421 1453 1439 ,
1502 1401 1597 1440 quae
1649 1389 1694 1427 ab
1725 1399 1881 1440 Vtraque

609 1461 717 1507 parte
749 1450 828 1491 sunt
861 1461 1081 1492 commotae
1101 1484 1112 1502 ‚
1143 1452 1277 1504 sponte
1311 1450 1542 1490 euanescent.
1608 1449 1740 1489 Primo
1772 1451 1880 1489 enim

609 1527 655 1555 ea
688 1514 895 1568 expressio,
927 1526 980 1554 ex
1012 1513 1112 1553 cuius
1144 1513 1359 1553 euolutione
1394 1511 1547 1551 nascitur
1577 1511 1682 1550 series
1721 1523 1880 1552 conuer-

610 1589 723 1632 gens,
756 1577 833 1617 eius
866 1576 974 1617 simul
1006 1574 1193 1615 summam
1214 1604 1227 1625 ,
1278 1586 1376 1615 voce
1407 1574 1477 1614 hac
1516 1573 1660 1625 vulgari
1690 1573 1786 1614 sensu
1814 1587 1881 1614 ac-

611 1649 741 1692 cepta,
773 1638 952 1689 exhibet,
988 1650 1109 1690 neque
1142 1637 1170 1677 fi
1202 1637 1306 1676 series
1334 1637 1440 1677 fuerit
1472 1636 1684 1688 diuergens,
1717 1637 1880 1689 quaestio

610 1702 770 1754 amplius
802 1701 952 1742 absurda
983 1700 1147 1753 reputari
1182 1701 1342 1752 poterit,
1380 1700 1405 1740 fi
1438 1711 1525 1738 eam
1559 1699 1780 1750 indagemus
1810 1710 1880 1738 ex-

611 1763 838 1818 pressionem
890 1763 1064 1813 fmitam,
1115 1774 1208 1815 quae
1255 1763 1450 1802 secundum
1502 1761 1881 1813 regulasanalyticas

610 1826 784 1877 euoluta‚
818 1827 918 1866 illam
951 1824 1068 1878 ipsam
1122 1824 1256 1864 seriem
1307 1827 1500 1877 producat.
1600 1825 1653 1865 Et
1700 1826 1878 1877 quoniam

611 1889 716 1930 istam
751 1888 1024 1941 expreffionem
1059 1887 1098 1926 in
1130 1887 1269 1927 calculo
1303 1889 1390 1928 loco
1432 1888 1506 1926 eius
1538 1885 1635 1926 seriei
1671 1887 1878 1934 substituere

609 1951 718 2001 licet,
757 1952 844 2003 quin
873 1950 999 1990 eidem
1031 1950 1074 1990 fit
1105 1949 1293 2001 aequalis,
1343 1950 1512 1990 dubitare
1547 1960 1622 1987 non
1658 1950 1876 2000 poterimus.

611 2015 701 2069 Quo
729 2013 859 2053 euicto
877 2044 887 2063 ,
928 2024 976 2052 ne
1008 2024 1029 2051 a
1061 2022 1214 2064 recepto
1246 2013 1396 2064 quidem
1428 2010 1605 2062 loquendi
1635 2010 1699 2048 vsu
1731 2011 1877 2050 recedi-

612 2089 709 2127 muS,
742 2075 768 2116 fi
803 2087 887 2114 eam
922 2073 1197 2127 expressionem
1218 2103 1229 2122 ,
1282 2086 1373 2125 quae
1406 2072 1566 2123 cuipiam
1600 2072 1704 2111 seriei
1744 2085 1878 2125 aequa-

609 2140 653 2182 lis
684 2138 758 2191 est,
799 2138 874 2180 eius
905 2148 1050 2192 quoque
1080 2134 1269 2177 summam
1303 2146 1513 2177 vocemus:
1562 2135 1776 2176 dummodo
1807 2147 1880 2187 pro

1721 2198 1882 2239 seriebus
