2062 2664
719 164 755 222 ὶ(
792 176 851 217 39
883 164 916 222 )(

520 282 707 342 Isatis,
744 289 894 340 Ruffis
928 286 1087 345 Pesez.

311 417 468 469 Agmen
500 414 723 455 animalium
757 414 834 456 hoc
865 414 954 455 loco
1002 415 1262 457 exhibitorum
1315 418 1451 461 claudit

170 479 277 536 Isatis
297 512 307 530 ,
341 492 417 520 non
451 480 627 531 ignotum
662 479 817 532 quidem
849 474 1039 531 Zoologis
1057 481 1223 531 animal,
1242 481 1323 534 quia
1345 483 1449 523 Nor-

168 545 317 597 vagiam
352 555 500 597 quoque
543 554 581 582 et
614 540 853 595 Lapponiam
890 542 1074 582 inhabitat
1111 573 1125 594 .,
1174 553 1214 583 at
1244 556 1264 583 a
1297 546 1451 585 nemine

165 608 285 649 adhuc
318 606 557 659 descriptum.
622 605 817 646 Putarunt'
834 605 980 645 forsitan
1030 606 1103 645 viri
1154 606 1259 647 doc'ti
1299 637 1310 656 ‚
1359 610 1450 648 dum

164 671 298 719 vulgus
329 669 417 709 illud
451 668 620 721 vulpibus
658 670 824 709 accenset
845 700 856 719 ,
898 681 976 708 non
1010 681 1105 722 opus
1155 669 1225 709 effe
1275 670 1450 724 fingulari

163 733 437 785 descriptione3
470 730 665 780 sufficere,
698 732 724 772 fi
754 732 925 773 colorem
959 733 1127 785 pilorum
1163 733 1342 774 indicent.
1392 734 1450 774 At

164 796 293 836 errasse
328 796 411 835 illos
432 825 442 843 ‚
476 793 663 835 Gmelinus
694 795 876 835 luculenta
908 795 1149 847 expositione
1181 808 1332 848 eorum,
1353 808 1450 849 quae

162 859 210 898 de
244 858 317 898 hoc
336 857 493 897 animali
513 858 718 897 obieruauit
734 890 746 908 ‚
772 868 833 898 aut
852 858 990 897 narrari
1008 857 1151 897 audiuit
1170 890 1181 909 ,
1197 860 1447 899 demonstrat.

164 921 290 964 Recte
322 919 425 964 Ruffi
459 930 498 960 et
529 932 663 960 omnes
695 931 827 973 gentes
858 920 1086 972 alienigenae
1106 949 1117 968 ‚
1169 923 1283 960 maris
1332 922 1453 974 glaci-

163 984 228 1024 aiis
259 984 440 1031 acestae,
489 996 631 1024 nornen
673 983 741 1036 ipsi
792 995 814 1024 a
863 983 979 1035 vulpe
1026 982 1210 1021 diuersum
1264 983 1445 1023 indidere.

165 1046 353 1088 Rufficum
388 1043 498 1098 Pesez
529 1058 581 1086 ex
614 1046 816 1086 Slauonico
846 1046 916 1085 Pes
934 1077 946 1095 ‚
977 1045 1075 1097 quod
1110 1057 1236 1085 canem
1271 1047 1448 1095 denotat,

166 1109 391 1160 dignitatem
426 1108 478 1146 rei
512 1107 753 1159 minuendo,
787 1106 1007 1146 confectum
1041 1106 1111 1162 effe
1146 1109 1298 1148 videtur
1334 1139 1346 1158 ‚
1396 1108 1448 1148 ob

165 1169 299 1209 fiiciem
331 1167 516 1217 fortassis,
552 1170 724 1207 caninam
761 1169 877 1220 magis
898 1199 909 1219 ,
946 1180 1059 1220 quam
1100 1169 1327 1224 vulpinarn3
1362 1172 1452 1211 reli-

164 1244 259 1285 quae
290 1232 393 1271 enim
428 1229 656 1270 diuersitates
691 1229 831 1271 Isatidis
864 1242 885 1270 a
923 1230 1035 1283 vulpe
1056 1261 1069 1282 ‚
1101 1243 1123 1270 a
1154 1231 1319 1274 Gmelino
1353 1247 1449 1276 enu-

164 1305 326 1336 meratae
346 1326 356 1345 ,
390 1306 468 1334 non
503 1294 552 1333 ita
587 1293 625 1333 in
676 1292 793 1334 sensus
847 1293 984 1333 cadunt
1022 1324 1034 1343 ,
1067 1292 1258 1336 fatendum
1291 1298 1415 1350 potius
1436 1328 1449 1349 ‚

164 1368 364 1398 externum
400 1357 573 1409 corporis
605 1356 804 1405 habitum,
840 1358 923 1396 imo
957 1366 992 1395 et
1023 1356 1198 1398 latratiun
1221 1390 1234 1410 ‚
1276 1373 1296 1400 a
1335 1360 1449 1413 vulpe

165 1420 378 1461 dissimilem
423 1432 498 1459 non
548 1417 637 1459 effe.
701 1420 905 1460 Venatores
944 1416 1093 1460 Sibirici
1142 1420 1293 1462 Isatides
1331 1424 1449 1477 etiam

164 1484 263 1524 inter
293 1482 327 1523 se
347 1514 358 1533 ,
407 1483 578 1523 candidas
611 1495 632 1522 a
665 1484 850 1532 cinereis,
901 1482 1022 1536 specie
1073 1483 1224 1524 differre
1272 1486 1446 1526 afferunti

165 1544 258 1588 sane
293 1546 319 1587 fi
354 1556 500 1586 certum
534 1546 628 1586 effet
649 1577 662 1597 ‚
697 1547 795 1600 quod
829 1545 997 1585 nonnulli
1029 1546 1163 1587 volunt
1185 1579 1196 1599 ‚
1234 1560 1253 1588 a
1285 1549 1452 1589 candidis

164 1609 310 1662 semper
358 1610 529 1650 candidas
562 1639 573 1658 ,
612 1619 652 1649 et
690 1622 709 1650 a
748 1611 904 1649 cinereis
950 1610 1098 1663 semper
1137 1611 1299 1651 cinereas
1329 1644 1340 1663 ,
1380 1611 1444 1652 nili

166 1682 409 1725 vtrarurnque
462 1672 607 1712 mixtio
645 1672 801 1713 accedat
832 1704 844 1723 ,
874 1672 977 1725 gigni
1012 1703 1024 1722 ,
1066 1673 1183 1714 nullus
1220 1674 1444 1714 dubitationi

167 1732 270 1773 locus
300 1735 564 1787 relinqueretur
597 1750 605 1775 :
647 1736 698 1776 ast
729 1735 828 1775 fuere
863 1767 875 1786 ,
913 1736 975 1787 qui
1008 1735 1258 1776 affeuerarunt
1289 1769 1298 1787 ,
1332 1750 1446 1777 num-

168 1808 280 1848 quam
321 1808 477 1836 omnem
511 1799 659 1849 prolem
697 1800 803 1838 vnius
835 1798 963 1838 matris
981 1799 1142 1839 eiusdem
1162 1799 1301 1839 coloris
1318 1799 1442 1840 obier-

118 1898 120 1900 ,
166 1858 267 1904 vari,
301 1856 376 1897 hoc
418 1870 514 1897 vero
545 1871 689 1900 certum
723 1861 794 1900 effe
815 1893 826 1912 ,
856 1861 996 1901 catulos
1028 1862 1198 1902 cinereos
1228 1863 1322 1902 inter
1354 1875 1446 1902 can-

165 1920 273 1960 didos
306 1921 464 1959 rariores
494 1923 658 1974 conspici
692 1935 704 1975 3
736 1934 775 1963 et
807 1923 900 1964 haec
933 1925 1025 1963 ratio
1056 1924 1134 1975 est,
1167 1937 1230 1965 cur
1257 1924 1446 1967 Gmelinus

165 1983 257 2024 nihil
297 1982 388 2022 certi
428 1984 476 2022 de
518 1984 586 2023 hac
625 1985 836 2026 diuersitate
866 1987 984 2027 statuit
1014 2014 1025 2035 ,
1075 1988 1158 2027 imo
1197 1988 1315 2041 magis
1355 1990 1398 2028 iis
1431 2016 1445 2037 ,

165 2047 226 2099 qui
253 2045 503 2086 diuersitatem
534 2046 696 2100 pilorum
728 2060 800 2101 pro
832 2048 905 2089 sola
926 2050 1103 2089 varietate
1123 2050 1286 2101 habent4
1321 2049 1445 2090 funere

165 2110 327 2150 videtur.
365 2107 476 2151 Dum
508 2111 546 2152 in
577 2121 702 2166 partes
733 2112 908 2153 animalis
938 2112 1099 2154 internas
1116 2114 1243 2154 audior
1260 2116 1410 2165 inquirit
1431 2143 1442 2163 ,

1392 2174 1443 2215 cle
