2062 2664
323 172 822 222 DEFINIENDORVM
859 172 1220 235 DISQVISITJO.
1308 192 1330 229 4
1340 189 1359 228 5·
1369 192 1395 229 9

138 292 301 333 tudinem
353 289 472 330 modo
521 298 654 329 notito
705 289 1162 329 eruitur1r1c›tusI.„un;1:
1214 303 1400 342 apparens

138 357 178 395 in
213 354 462 394 Latitudinem
511 364 583 404 pro
634 353 818 403 tempori>
872 353 985 401 {patio
1034 352 1126 390 inter
1168 353 1316 392 initium
1358 362 1399 392 et

138 418 259 458 finem
296 415 483 468 Eclipseos
515 414 734 467 interposito
770 425 816 450 Ξ
835 408 1026 462 6'.39“,3
1053 425 1064 463 z,
1087 425 1157 464 qua
1200 416 1401 465 quantitate

138 480 376 519 imminuitur
408 477 583 517 Latitudo
617 487 803 530 apparens
839 473 1099 516 meridionalis
1133 486 1244 527 quam
1289 476 1402 516 habet

139 542 247 582 Luna
283 541 390 580 initio
426 539 630 593 Eclipscos.
692 539 806 593 Quod
841 538 885 578 ad
924 546 1074 578 motum
1117 549 1251 577 verum
1304 536 1404 579 Solis

139 605 179 644 in
215 604 409 656 Ecliptica,
445 602 506 642 ille
544 615 615 655 pro
649 602 838 642 duratione
883 601 993 642 huius
1040 599 1231 653 Eclipstos
1278 600 1402 641 obser-

140 676 226 707 vata
257 666 433 719 reperitur
466 678 521 704 z:
539 661 742 715 5‘.58“‚7.

274 729 378 770 Hisce
430 728 662 781 praemissis,
712 729 754 769 fit
804 723 831 769 S
867 728 990 770 Locus
1020 728 1137 770 centri
1168 724 1267 770 Solis
1298 740 1404 770 verus

141 792 189 833 ad
217 793 361 832 initium
398 791 587 844 Eclipsis,
636 792 733 832 linea
764 790 843 832 EC
876 793 1078 833 exhibente
1106 792 1288 833 chordam
1325 805 1408 845 par-

140 856 182 895 vi
215 867 313 896 arcus
342 854 556 908 Ecliptieae.
622 853 677 895 Sit
711 867 829 909 porro
859 868 877 896 s
911 855 1034 897 Locus
1052 853 1148 895 Solis
1168 868 1273 907 verus
1305 865 1402 895 tem-

143 929 236 971 pore
268 917 348 958 smis
390 918 614 970 Eclipseos,
661 919 712 958 ita
761 927 806 958 vt
854 916 910 959 Ss
959 919 1206 969 repraesentet
1254 927 1406 958 motum

140 979 241 1022 Solis
272 993 403 1021 verum
438 993 510 1033 pro
541 981 736 1021 duratione
771 979 878 1020 huius
910 980 1079 1034 Deliquii
1112 978 1249 1022 Solaris
1281 981 1408 1021 obfer-

141 1052 242 1084 vata.
304 1044 386 1084 Pari
419 1045 538 1084 modo
568 1043 726 1097 fingatur
756 1043 879 1085 Locus
910 1044 1030 1085 centri
1062 1043 1190 1084 Lunae
1225 1055 1408 1097 apparens

141 1107 251 1146 initio
283 1106 473 1160 Eclipfeos
502 1107 539 1146 in
574 1107 613 1148 N
650 1116 688 1146 et
717 1107 755 1146 in
793 1106 868 1147 fine
896 1108 932 1148 in
986 1106 1032 1146 L.
1128 1105 1246 1147 Binae
1296 1107 1408 1159 igitur

143 1168 225 1207 illae
265 1170 384 1210 lineae
435 1168 523 1210 EN
573 1178 614 1209 et
662 1167 739 1209 CL
789 1169 1141 1223 perpendiculariter
1189 1183 1210 1210 a
1260 1169 1408 1223 pumftis

140 1227 184 1269 N
216 1237 251 1267 et
283 1231 316 1268 L
348 1233 385 1270 in
420 1232 648 1286 Eclipticam
681 1232 855 1274 demissae
875 1236 1031 1273 referent
1050 1231 1308 1272 Latitudinem
1330 1230 1408 1272 Lu-

140 1301 209 1329 nae
257 1300 507 1344 apparentem
557 1295 603 1332 ad
654 1295 730 1334 duo
780 1294 841 1335 illa
870 1296 1066 1349 praecipua
1099 1295 1288 1348 Eclipseos
1320 1306 1407 1335 mo-

140 1361 304 1406 menta3
347 1352 443 1393 adeo
477 1364 520 1392 vt
552 1353 662 1393 dueta
696 1354 907 1407 Eclipticae
940 1357 1112 1409 parallela
1147 1357 1269 1403 ML,
1321 1368 1408 1396 mo-

139 1423 198 1454 tus
247 1414 377 1455 Lunae
424 1427 609 1468 apparens
658 1417 695 1455 in
744 1415 1041 1470 Longitudinem
1094 1431 1168 1470 pro
1215 1419 1408 1458 duratione

142 1476 336 1530 Eclipseos
381 1477 571 1518 obseruata
620 1478 844 1519 determinet
919 1480 1086 1518 valorem
1139 1480 1249 1518 huius
1281 1481 1408 1519 rectae

145 1538 308 1580 ML:
338 1538 449 1593 EC3
501 1550 627 1580 motus
659 1548 785 1577 autern
819 1537 949 1578 Lunae
1008 1551 1191 1591 apparens
1240 1541 1278 1579 in
1331 1541 1409 1581 La-

143 1602 344 1643 titudinem
403 1601 530 1640 eidem
588 1599 774 1652 temporis
812 1600 930 1653 spatio
979 1601 1206 1653 respondens
1253 1601 1408 1643 definiat

143 1665 317 1706 'valorem
353 1663 472 1702 lineae
492 1661 604 1703 MN.
670 1662 783 1703 Faeta
799 1663 871 1704 PL
897 1677 951 1704 :z
970 1661 1038 1715 Ss,
1072 1662 1138 1704 SP
1170 1664 1312 1705 erit:
1344 1664 1408 1707 sL

143 1736 184 1766 et
234 1725 320 1768 MP
365 1724 580 1778 aequabitur
631 1725 753 1766 motui
809 1727 1005 1779 apparenti
1037 1724 1166 1768 Lunae
1199 1740 1219 1768 a
1249 1723 1335 1768 Sole
1368 1729 1409 1768 in

143 1787 328 1842 Ecliptica
359 1788 405 1827 ad
434 1787 666 1828 durationem
700 1787 894 1843 Eclipseos
924 1789 1169 1830 obseruatam.
1242 1790 1307 1830 Ad
1339 1791 1410 1832 de-

140 1851 338 1891 riuandum
367 1849 476 1902 igitur
506 1861 555 1890 ex
588 1851 785 1892 obstruatis
812 1852 962 1893 Locum
996 1851 1124 1892 Lunae
1162 1862 1409 1906 apparentem

142 1912 368 1954 habebimus
408 1913 578 1966 primum
620 1914 657 1953 in
690 1913 901 1967 Triangulo
931 1913 1072 1956 MLN
1106 1915 1152 1956 ad
1187 1914 1232 1957 M
1266 1916 1408 1957 restan-

146 1975 238 2029 gulo
267 1986 347 2015 crus
381 1974 469 2015 ML
489 1988 544 2015 z
564 1970 802 2029 1⁰.3'.43“,
823 1989 846 2015 2
900 1977 1067 2030 itemque
1115 1978 1276 2018 alterum
1326 1991 1406 2019 crus

149 2036 248 2080 MN
267 2051 321 2079 :-
337 2032 558 2097 6‘.39“‚35
592 2040 692 2084 vnde
709 2034 832 2085 fluunt
857 2038 1091 2092 hypotenusa
1118 2035 1406 2094 NL:10.4‘.4''

774 2102 822 2148 Μ
841 2114 884 2147 m
902 2114 945 2148 m
985 2115 1012 2142 2
1367 2112 1407 2146 et

1420 757 1501 793 Tab.
1527 756 1602 793 ΧΠ.

1435 808 1511 856 Fig.
1544 821 1579 851 ς.
