<?xml version="1.0" encoding="UTF-8"?>
<!DOCTYPE html PUBLIC "-//W3C//DTD XHTML 1.0 Transitional//EN"
    "http://www.w3.org/TR/xhtml1/DTD/xhtml1-transitional.dtd">
<html xmlns="http://www.w3.org/1999/xhtml" xml:lang="en" lang="en">
 <head>
  <title>
</title>
<meta http-equiv="Content-Type" content="text/html;charset=utf-8" />
  <meta name='ocr-system' content='tesseract 3.04.00' />
  <meta name='ocr-capabilities' content='ocr_page ocr_carea ocr_par ocr_line ocrx_word'/>
</head>
<body>
  <div class='ocr_page' id='page_1' title='image "./novicommentariac05impe_0369.png"; bbox 0 0 2062 2664; ppageno 0'>
   <div class='ocr_carea' id='block_1_1' title="bbox 212 183 1362 241">
    <p class='ocr_par' dir='ltr' id='par_1_1' title="bbox 212 183 1362 241">
     <span class='ocr_line' id='line_1_1' title="bbox 212 183 1362 241; baseline -0.001 -10"><span class='ocrx_word' id='word_1_1' title='bbox 212 183 508 234; x_wconf 77' lang='lat' dir='ltr'><em>ROTARVM</em></span> <span class='ocrx_word' id='word_1_2' title='bbox 541 185 825 230; x_wconf 83' lang='lat' dir='ltr'><em>DENTIRVS</em></span> <span class='ocrx_word' id='word_1_3' title='bbox 860 187 1026 231; x_wconf 80' lang='lat' dir='ltr'><em>TRIBV</em></span> <span class='ocrx_word' id='word_1_4' title='bbox 1029 189 1107 233; x_wconf 89' lang='lat' dir='ltr'>EN</span> <span class='ocrx_word' id='word_1_5' title='bbox 1111 191 1194 234; x_wconf 84' lang='lat' dir='ltr'>DA</span> <span class='ocrx_word' id='word_1_6' title='bbox 1199 222 1207 229; x_wconf 88' lang='lat'><strong><em>.</em></strong></span> <span class='ocrx_word' id='word_1_7' title='bbox 1279 200 1300 238; x_wconf 82' lang='lat'><strong>3</strong></span> <span class='ocrx_word' id='word_1_8' title='bbox 1312 202 1329 230; x_wconf 89' lang='lat'>1</span> <span class='ocrx_word' id='word_1_9' title='bbox 1341 199 1362 241; x_wconf 73' lang='grc' dir='ltr'><em>ς</em></span> 
     </span>
    </p>
   </div>
   <div class='ocr_carea' id='block_1_2' title="bbox 93 300 1375 1858">
    <p class='ocr_par' dir='ltr' id='par_1_2' title="bbox 93 300 1375 1858">
     <span class='ocr_line' id='line_1_2' title="bbox 100 300 1371 353; baseline -0.001 -9"><span class='ocrx_word' id='word_1_10' title='bbox 100 316 240 345; x_wconf 81' lang='lat' dir='ltr'>eorum</span> <span class='ocrx_word' id='word_1_11' title='bbox 272 312 431 342; x_wconf 88' lang='lat' dir='ltr'>numero</span> <span class='ocrx_word' id='word_1_12' title='bbox 461 300 745 347; x_wconf 79' lang='lat' dir='ltr'>determinatur,</span> <span class='ocrx_word' id='word_1_13' title='bbox 779 312 911 339; x_wconf 86' lang='lat' dir='ltr'>eorum</span> <span class='ocrx_word' id='word_1_14' title='bbox 948 304 1170 353; x_wconf 76' lang='lat' dir='ltr'>magnitudo</span> <span class='ocrx_word' id='word_1_15' title='bbox 1201 318 1265 344; x_wconf 85' lang='lat' dir='ltr'>cm</span> <span class='ocrx_word' id='word_1_16' title='bbox 1285 305 1371 344; x_wconf 86' lang='lat' dir='ltr'>inde</span> 
     </span>
     <span class='ocr_line' id='line_1_3' title="bbox 103 363 1370 414; baseline -0.001 -7"><span class='ocrx_word' id='word_1_17' title='bbox 103 366 331 414; x_wconf 84' lang='lat' dir='ltr'>definietur,</span> <span class='ocrx_word' id='word_1_18' title='bbox 381 373 424 402; x_wconf 81' lang='lat' dir='ltr'>vt</span> <span class='ocrx_word' id='word_1_19' title='bbox 474 376 561 402; x_wconf 89' lang='lat' dir='ltr'>cum</span> <span class='ocrx_word' id='word_1_20' title='bbox 613 363 804 402; x_wconf 65' lang='lat' dir='ltr'>contaetus</span> <span class='ocrx_word' id='word_1_21' title='bbox 854 363 1026 401; x_wconf 86' lang='lat' dir='ltr'>dentium</span> <span class='ocrx_word' id='word_1_22' title='bbox 1075 365 1119 404; x_wconf 87' lang='grc' dir='ltr'>Μ</span> <span class='ocrx_word' id='word_1_23' title='bbox 1153 369 1299 406; x_wconf 75' lang='lat' dir='ltr'>eueniat</span> <span class='ocrx_word' id='word_1_24' title='bbox 1333 369 1370 406; x_wconf 86' lang='lat' dir='ltr'>in</span> 
     </span>
     <span class='ocr_line' id='line_1_4' title="bbox 101 426 1373 479; baseline 0.001 -12"><span class='ocrx_word' id='word_1_25' title='bbox 101 431 204 471; x_wconf 76' lang='lat' dir='ltr'>rec‘ta</span> <span class='ocrx_word' id='word_1_26' title='bbox 235 427 334 477; x_wconf 89' lang='lat' dir='ltr'>AB,</span> <span class='ocrx_word' id='word_1_27' title='bbox 365 428 492 466; x_wconf 89' lang='lat' dir='ltr'>dentes</span> <span class='ocrx_word' id='word_1_28' title='bbox 524 426 694 479; x_wconf 82' lang='lat' dir='ltr'>proximi</span> <span class='ocrx_word' id='word_1_29' title='bbox 738 426 795 465; x_wconf 81' lang='lat' dir='ltr'>cd</span> <span class='ocrx_word' id='word_1_30' title='bbox 840 434 984 464; x_wconf 86' lang='lat' dir='ltr'>tantum</span> <span class='ocrx_word' id='word_1_31' title='bbox 1035 438 1112 465; x_wconf 89' lang='lat' dir='ltr'>non</span> <span class='ocrx_word' id='word_1_32' title='bbox 1163 429 1289 467; x_wconf 87' lang='lat' dir='ltr'>dentes</span> <span class='ocrx_word' id='word_1_33' title='bbox 1337 442 1373 468; x_wconf 83' lang='lat' dir='ltr'>m</span> 
     </span>
     <span class='ocr_line' id='line_1_5' title="bbox 107 488 1371 544; baseline -0.002 -12"><span class='ocrx_word' id='word_1_34' title='bbox 107 493 307 544; x_wconf 71' lang='lat' dir='ltr'>arripiant,</span> <span class='ocrx_word' id='word_1_35' title='bbox 339 501 385 528; x_wconf 90' lang='lat' dir='ltr'>ne</span> <span class='ocrx_word' id='word_1_36' title='bbox 420 501 578 542; x_wconf 85' lang='lat' dir='ltr'>vnquam</span> <span class='ocrx_word' id='word_1_37' title='bbox 614 497 687 528; x_wconf 90' lang='lat' dir='ltr'>tres</span> <span class='ocrx_word' id='word_1_38' title='bbox 720 489 848 528; x_wconf 83' lang='lat' dir='ltr'>dentes</span> <span class='ocrx_word' id='word_1_39' title='bbox 882 488 990 527; x_wconf 87' lang='lat' dir='ltr'>fimul</span> <span class='ocrx_word' id='word_1_40' title='bbox 1041 498 1162 541; x_wconf 81' lang='lat' dir='ltr'>agant.</span> <span class='ocrx_word' id='word_1_41' title='bbox 1265 491 1371 530; x_wconf 89' lang='lat' dir='ltr'>Tum</span> 
     </span>
     <span class='ocr_line' id='line_1_6' title="bbox 105 550 1371 606; baseline -0.002 -11"><span class='ocrx_word' id='word_1_42' title='bbox 105 567 198 595; x_wconf 83' lang='lat' dir='ltr'>vero</span> <span class='ocrx_word' id='word_1_43' title='bbox 229 551 479 606; x_wconf 81' lang='lat' dir='ltr'>magnitudine</span> <span class='ocrx_word' id='word_1_44' title='bbox 513 552 681 592; x_wconf 89' lang='lat' dir='ltr'>dentium</span> <span class='ocrx_word' id='word_1_45' title='bbox 731 550 816 591; x_wconf 86' lang='lat' dir='ltr'>CD</span> <span class='ocrx_word' id='word_1_46' title='bbox 847 561 885 589; x_wconf 90' lang='lat' dir='ltr'>et</span> <span class='ocrx_word' id='word_1_47' title='bbox 933 552 993 591; x_wconf 84' lang='lat' dir='ltr'>cd</span> <span class='ocrx_word' id='word_1_48' title='bbox 1041 552 1211 595; x_wconf 80' lang='lat' dir='ltr'>definita,</span> <span class='ocrx_word' id='word_1_49' title='bbox 1245 562 1371 593; x_wconf 84' lang='lat' dir='ltr'>tantae</span> 
     </span>
     <span class='ocr_line' id='line_1_7' title="bbox 105 615 1371 667; baseline -0.001 -9"><span class='ocrx_word' id='word_1_50' title='bbox 105 618 277 658; x_wconf 71' lang='lat' dir='ltr'>cauitates</span> <span class='ocrx_word' id='word_1_51' title='bbox 296 618 332 654; x_wconf 90' lang='lat' dir='ltr'>in</span> <span class='ocrx_word' id='word_1_52' title='bbox 364 616 499 655; x_wconf 84' lang='lat' dir='ltr'>maiori</span> <span class='ocrx_word' id='word_1_53' title='bbox 531 625 610 655; x_wconf 78' lang='lat' dir='ltr'>rota</span> <span class='ocrx_word' id='word_1_54' title='bbox 641 615 806 655; x_wconf 86' lang='lat' dir='ltr'>exscindi</span> <span class='ocrx_word' id='word_1_55' title='bbox 841 615 989 666; x_wconf 87' lang='lat' dir='ltr'>debent,</span> <span class='ocrx_word' id='word_1_56' title='bbox 1024 616 1139 655; x_wconf 87' lang='lat' dir='ltr'>veluti</span> <span class='ocrx_word' id='word_1_57' title='bbox 1160 616 1256 657; x_wconf 82' lang='lat' dir='ltr'>MN</span> <span class='ocrx_word' id='word_1_58' title='bbox 1273 616 1371 667; x_wconf 84' lang='grc' dir='ltr'>ΟΡ,</span> 
     </span>
     <span class='ocr_line' id='line_1_8' title="bbox 106 678 1371 734; baseline 0 -14"><span class='ocrx_word' id='word_1_59' title='bbox 106 688 252 734; x_wconf 68' lang='grc' dir='ltr'><em>ωηορ,</em></span> <span class='ocrx_word' id='word_1_60' title='bbox 288 688 330 717; x_wconf 86' lang='lat' dir='ltr'>vt</span> <span class='ocrx_word' id='word_1_61' title='bbox 361 679 489 718; x_wconf 80' lang='lat' dir='ltr'>dentes</span> <span class='ocrx_word' id='word_1_62' title='bbox 520 689 623 718; x_wconf 84' lang='lat' dir='ltr'>rotae</span> <span class='ocrx_word' id='word_1_63' title='bbox 658 679 816 718; x_wconf 83' lang='lat' dir='ltr'>minoris</span> <span class='ocrx_word' id='word_1_64' title='bbox 849 690 984 731; x_wconf 83' lang='lat' dir='ltr'>capere</span> <span class='ocrx_word' id='word_1_65' title='bbox 1030 678 1209 733; x_wconf 80' lang='lat' dir='ltr'>valeant·⁷</span> <span class='ocrx_word' id='word_1_66' title='bbox 1263 690 1371 732; x_wconf 85' lang='lat' dir='ltr'>atque</span> 
     </span>
     <span class='ocr_line' id='line_1_9' title="bbox 101 741 1373 795; baseline -0.001 -12"><span class='ocrx_word' id='word_1_67' title='bbox 101 745 217 784; x_wconf 75' lang='lat' dir='ltr'>etiam</span> <span class='ocrx_word' id='word_1_68' title='bbox 248 742 318 780; x_wconf 87' lang='lat' dir='ltr'>hos</span> <span class='ocrx_word' id='word_1_69' title='bbox 350 741 475 781; x_wconf 83' lang='lat' dir='ltr'>dentes</span> <span class='ocrx_word' id='word_1_70' title='bbox 509 742 725 795; x_wconf 76' lang='lat' dir='ltr'>profundius</span> <span class='ocrx_word' id='word_1_71' title='bbox 756 741 921 781; x_wconf 88' lang='lat' dir='ltr'>exscindi</span> <span class='ocrx_word' id='word_1_72' title='bbox 956 742 1171 793; x_wconf 83' lang='lat' dir='ltr'>oportebit,</span> <span class='ocrx_word' id='word_1_73' title='bbox 1208 752 1247 781; x_wconf 78' lang='lat' dir='ltr'>vt</span> <span class='ocrx_word' id='word_1_74' title='bbox 1280 756 1373 795; x_wconf 88' lang='lat' dir='ltr'>pro-</span> 
     </span>
     <span class='ocr_line' id='line_1_10' title="bbox 101 803 1370 858; baseline -0.001 -11"><span class='ocrx_word' id='word_1_75' title='bbox 101 806 299 847; x_wconf 81' lang='lat' dir='ltr'>minentiae</span> <span class='ocrx_word' id='word_1_76' title='bbox 353 806 523 845; x_wconf 88' lang='lat' dir='ltr'>dentium</span> <span class='ocrx_word' id='word_1_77' title='bbox 576 807 731 845; x_wconf 84' lang='lat' dir='ltr'>maioris</span> <span class='ocrx_word' id='word_1_78' title='bbox 778 815 883 844; x_wconf 85' lang='lat' dir='ltr'>rotae</span> <span class='ocrx_word' id='word_1_79' title='bbox 933 803 1006 845; x_wconf 83' lang='lat' dir='ltr'>Ml</span> <span class='ocrx_word' id='word_1_80' title='bbox 1051 806 1178 857; x_wconf 84' lang='lat' dir='ltr'>excipi</span> <span class='ocrx_word' id='word_1_81' title='bbox 1218 817 1370 858; x_wconf 77' lang='lat' dir='ltr'>queant.</span> 
     </span>
     <span class='ocr_line' id='line_1_11' title="bbox 101 867 1373 921; baseline -0.002 -11"><span class='ocrx_word' id='word_1_82' title='bbox 101 869 201 910; x_wconf 82' lang='lat' dir='ltr'>Hinc</span> <span class='ocrx_word' id='word_1_83' title='bbox 232 867 387 921; x_wconf 82' lang='lat' dir='ltr'>denique</span> <span class='ocrx_word' id='word_1_84' title='bbox 418 868 588 908; x_wconf 78' lang='lat' dir='ltr'>craffities</span> <span class='ocrx_word' id='word_1_85' title='bbox 621 869 791 908; x_wconf 89' lang='lat' dir='ltr'>dentium</span> <span class='ocrx_word' id='word_1_86' title='bbox 827 867 930 918; x_wconf 66' lang='grc' dir='ltr'>(ΣΕ,</span> <span class='ocrx_word' id='word_1_87' title='bbox 966 880 1014 908; x_wconf 82' lang='lat' dir='ltr'>ce</span> <span class='ocrx_word' id='word_1_88' title='bbox 1047 868 1373 920; x_wconf 73' lang='lat' dir='ltr'>determinabitur,</span> 
     </span>
     <span class='ocr_line' id='line_1_12' title="bbox 99 929 1374 981; baseline 0 -11"><span class='ocrx_word' id='word_1_89' title='bbox 99 939 142 971; x_wconf 82' lang='lat' dir='ltr'>vt</span> <span class='ocrx_word' id='word_1_90' title='bbox 172 932 208 970; x_wconf 93' lang='lat' dir='ltr'>in</span> <span class='ocrx_word' id='word_1_91' title='bbox 242 931 458 972; x_wconf 84' lang='lat' dir='ltr'>cauitatibus</span> <span class='ocrx_word' id='word_1_92' title='bbox 493 932 644 971; x_wconf 82' lang='lat' dir='ltr'>maioris</span> <span class='ocrx_word' id='word_1_93' title='bbox 676 942 781 971; x_wconf 88' lang='lat' dir='ltr'>rotae</span> <span class='ocrx_word' id='word_1_94' title='bbox 811 929 937 969; x_wconf 87' lang='lat' dir='ltr'>locum</span> <span class='ocrx_word' id='word_1_95' title='bbox 974 931 1195 981; x_wconf 84' lang='lat' dir='ltr'>inueniant,</span> <span class='ocrx_word' id='word_1_96' title='bbox 1233 931 1374 970; x_wconf 76' lang='lat' dir='ltr'>alteris-</span> 
     </span>
     <span class='ocr_line' id='line_1_13' title="bbox 100 992 1372 1047; baseline -0.002 -13"><span class='ocrx_word' id='word_1_97' title='bbox 100 1006 170 1047; x_wconf 92' lang='lat' dir='ltr'>que</span> <span class='ocrx_word' id='word_1_98' title='bbox 200 994 359 1032; x_wconf 57' lang='lat' dir='ltr'>faciebus</span> <span class='ocrx_word' id='word_1_99' title='bbox 392 993 500 1040; x_wconf 67' lang='lat' dir='ltr'>EI),</span> <span class='ocrx_word' id='word_1_100' title='bbox 535 995 591 1032; x_wconf 77' lang='lat' dir='ltr'>ed</span> <span class='ocrx_word' id='word_1_101' title='bbox 621 994 744 1034; x_wconf 82' lang='lat' dir='ltr'>similis</span> <span class='ocrx_word' id='word_1_102' title='bbox 776 993 896 1044; x_wconf 83' lang='lat' dir='ltr'>figura</span> <span class='ocrx_word' id='word_1_103' title='bbox 931 992 1133 1040; x_wconf 84' lang='lat' dir='ltr'>tribuetur,</span> <span class='ocrx_word' id='word_1_104' title='bbox 1186 1003 1229 1033; x_wconf 87' lang='lat' dir='ltr'>vt</span> <span class='ocrx_word' id='word_1_105' title='bbox 1276 1003 1372 1033; x_wconf 77' lang='lat' dir='ltr'>rota·</span> 
     </span>
     <span class='ocr_line' id='line_1_14' title="bbox 98 1052 1374 1108; baseline 0.002 -13"><span class='ocrx_word' id='word_1_106' title='bbox 98 1067 184 1097; x_wconf 86' lang='lat' dir='ltr'>rum</span> <span class='ocrx_word' id='word_1_107' title='bbox 242 1063 371 1093; x_wconf 86' lang='lat' dir='ltr'>motus</span> <span class='ocrx_word' id='word_1_108' title='bbox 408 1052 647 1106; x_wconf 81' lang='lat' dir='ltr'>parimodo</span> <span class='ocrx_word' id='word_1_109' title='bbox 686 1056 726 1094; x_wconf 89' lang='lat' dir='ltr'>in</span> <span class='ocrx_word' id='word_1_110' title='bbox 762 1060 914 1108; x_wconf 80' lang='lat' dir='ltr'>plagam</span> <span class='ocrx_word' id='word_1_111' title='bbox 957 1055 1173 1107; x_wconf 78' lang='lat' dir='ltr'>oppositam</span> <span class='ocrx_word' id='word_1_112' title='bbox 1206 1056 1374 1098; x_wconf 77' lang='lat' dir='ltr'>conuerti</span> 
     </span>
     <span class='ocr_line' id='line_1_15' title="bbox 98 1127 491 1171; baseline -0.005 -12"><span class='ocrx_word' id='word_1_113' title='bbox 98 1127 222 1171; x_wconf 85' lang='lat' dir='ltr'>queat.</span> <span class='ocrx_word' id='word_1_114' title='bbox 488 1148 491 1150; x_wconf 81' lang='grc'>-</span> 
     </span>
     <span class='ocr_line' id='line_1_16' title="bbox 248 1182 1373 1237; baseline 0.01 -20"><span class='ocrx_word' id='word_1_115' title='bbox 248 1194 319 1219; x_wconf 85' lang='lat'>22.</span> <span class='ocrx_word' id='word_1_116' title='bbox 355 1182 518 1237; x_wconf 81' lang='lat' dir='ltr'>Quando</span> <span class='ocrx_word' id='word_1_117' title='bbox 549 1194 674 1224; x_wconf 86' lang='lat' dir='ltr'>autem</span> <span class='ocrx_word' id='word_1_118' title='bbox 708 1184 789 1223; x_wconf 88' lang='lat' dir='ltr'>vsus</span> <span class='ocrx_word' id='word_1_119' title='bbox 822 1184 1002 1236; x_wconf 85' lang='lat' dir='ltr'>postulat,</span> <span class='ocrx_word' id='word_1_120' title='bbox 1036 1192 1081 1222; x_wconf 88' lang='lat' dir='ltr'>vt</span> <span class='ocrx_word' id='word_1_121' title='bbox 1115 1186 1249 1226; x_wconf 81' lang='lat' dir='ltr'>ambae</span> <span class='ocrx_word' id='word_1_122' title='bbox 1269 1195 1373 1228; x_wconf 86' lang='lat' dir='ltr'>rotae</span> 
     </span>
     <span class='ocr_line' id='line_1_17' title="bbox 98 1243 1374 1297; baseline 0.007 -16"><span class='ocrx_word' id='word_1_123' title='bbox 98 1253 176 1282; x_wconf 83' lang='lat' dir='ltr'>non</span> <span class='ocrx_word' id='word_1_124' title='bbox 226 1243 390 1281; x_wconf 89' lang='lat' dir='ltr'>multum</span> <span class='ocrx_word' id='word_1_125' title='bbox 439 1257 459 1281; x_wconf 85' lang='lat' dir='ltr'>a</span> <span class='ocrx_word' id='word_1_126' title='bbox 507 1247 650 1283; x_wconf 89' lang='lat' dir='ltr'>ratione</span> <span class='ocrx_word' id='word_1_127' title='bbox 702 1246 932 1297; x_wconf 80' lang='lat' dir='ltr'>aequalitatis</span> <span class='ocrx_word' id='word_1_128' title='bbox 981 1246 1176 1297; x_wconf 79' lang='lat' dir='ltr'>recedant,</span> <span class='ocrx_word' id='word_1_129' title='bbox 1208 1261 1288 1288; x_wconf 85' lang='lat' dir='ltr'>tum</span> <span class='ocrx_word' id='word_1_130' title='bbox 1323 1251 1374 1290; x_wconf 93' lang='lat' dir='ltr'>ob</span> 
     </span>
     <span class='ocr_line' id='line_1_18' title="bbox 93 1303 1373 1360; baseline 0.006 -16"><span class='ocrx_word' id='word_1_131' title='bbox 93 1307 282 1344; x_wconf 82' lang='lat' dir='ltr'>rationem</span> <span class='ocrx_word' id='word_1_132' title='bbox 317 1303 516 1355; x_wconf 84' lang='lat' dir='ltr'>allegatam</span> <span class='ocrx_word' id='word_1_133' title='bbox 551 1306 669 1357; x_wconf 77' lang='lat' dir='ltr'>figura</span> <span class='ocrx_word' id='word_1_134' title='bbox 703 1308 874 1347; x_wconf 89' lang='lat' dir='ltr'>dentium</span> <span class='ocrx_word' id='word_1_135' title='bbox 910 1320 988 1346; x_wconf 88' lang='lat' dir='ltr'>non</span> <span class='ocrx_word' id='word_1_136' title='bbox 1023 1321 1090 1360; x_wconf 85' lang='lat' dir='ltr'>per</span> <span class='ocrx_word' id='word_1_137' title='bbox 1124 1311 1373 1352; x_wconf 87' lang='lat' dir='ltr'>euolutionem</span> 
     </span>
     <span class='ocr_line' id='line_1_19' title="bbox 93 1367 1375 1422; baseline 0.007 -17"><span class='ocrx_word' id='word_1_138' title='bbox 93 1367 320 1407; x_wconf 86' lang='lat' dir='ltr'>circulorum</span> <span class='ocrx_word' id='word_1_139' title='bbox 369 1367 574 1407; x_wconf 72' lang='lat' dir='ltr'>describere</span> <span class='ocrx_word' id='word_1_140' title='bbox 621 1368 738 1420; x_wconf 87' lang='lat' dir='ltr'>licet,</span> <span class='ocrx_word' id='word_1_141' title='bbox 791 1369 849 1411; x_wconf 57' lang='lat' dir='ltr'>stad</span> <span class='ocrx_word' id='word_1_142' title='bbox 899 1378 981 1410; x_wconf 89' lang='lat' dir='ltr'>tum</span> <span class='ocrx_word' id='word_1_143' title='bbox 1013 1371 1142 1422; x_wconf 84' lang='lat' dir='ltr'>potius</span> <span class='ocrx_word' id='word_1_144' title='bbox 1172 1376 1375 1414; x_wconf 86' lang='lat' dir='ltr'>conueniet</span> 
     </span>
     <span class='ocr_line' id='line_1_20' title="bbox 97 1429 1375 1491; baseline 0.008 -23"><span class='ocrx_word' id='word_1_145' title='bbox 97 1429 267 1469; x_wconf 89' lang='lat' dir='ltr'>dentibus</span> <span class='ocrx_word' id='word_1_146' title='bbox 296 1430 481 1469; x_wconf 81' lang='lat' dir='ltr'>eiusmodi</span> <span class='ocrx_word' id='word_1_147' title='bbox 516 1432 623 1471; x_wconf 88' lang='lat' dir='ltr'>tribui</span> <span class='ocrx_word' id='word_1_148' title='bbox 653 1431 801 1483; x_wconf 72' lang='lat' dir='ltr'>figuras,</span> <span class='ocrx_word' id='word_1_149' title='bbox 853 1433 979 1485; x_wconf 88' lang='lat' dir='ltr'>quales</span> <span class='ocrx_word' id='word_1_150' title='bbox 1011 1434 1048 1472; x_wconf 89' lang='lat' dir='ltr'>in</span> <span class='ocrx_word' id='word_1_151' title='bbox 1079 1438 1264 1489; x_wconf 85' lang='lat' dir='ltr'>exemplo</span> <span class='ocrx_word' id='word_1_152' title='bbox 1293 1439 1375 1491; x_wconf 80' lang='lat' dir='ltr'>pri·</span> 
     </span>
     <span class='ocr_line' id='line_1_21' title="bbox 95 1493 1374 1545; baseline 0.009 -14"><span class='ocrx_word' id='word_1_153' title='bbox 95 1504 168 1532; x_wconf 89' lang='lat' dir='ltr'>mo</span> <span class='ocrx_word' id='word_1_154' title='bbox 218 1493 548 1534; x_wconf 84' lang='lat' dir='ltr'>determinauimus</span> <span class='ocrx_word' id='word_1_155' title='bbox 568 1527 579 1545; x_wconf 85' lang='lat'>‚</span> <span class='ocrx_word' id='word_1_156' title='bbox 633 1494 698 1533; x_wconf 84' lang='lat' dir='ltr'>vbi</span> <span class='ocrx_word' id='word_1_157' title='bbox 732 1494 848 1533; x_wconf 74' lang='lat' dir='ltr'>fiicies</span> <span class='ocrx_word' id='word_1_158' title='bbox 879 1496 1049 1535; x_wconf 88' lang='lat' dir='ltr'>dentium</span> <span class='ocrx_word' id='word_1_159' title='bbox 1085 1496 1236 1538; x_wconf 78' lang='lat' dir='ltr'>alterius</span> <span class='ocrx_word' id='word_1_160' title='bbox 1269 1511 1374 1541; x_wconf 90' lang='lat' dir='ltr'>rotae</span> 
     </span>
     <span class='ocr_line' id='line_1_22' title="bbox 100 1555 1373 1614; baseline 0.005 -20"><span class='ocrx_word' id='word_1_161' title='bbox 100 1564 202 1594; x_wconf 87' lang='lat' dir='ltr'>erant</span> <span class='ocrx_word' id='word_1_162' title='bbox 247 1557 382 1596; x_wconf 65' lang='lat' dir='ltr'>rectae.</span> <span class='ocrx_word' id='word_1_163' title='bbox 471 1555 594 1596; x_wconf 87' lang='lat' dir='ltr'>Simul</span> <span class='ocrx_word' id='word_1_164' title='bbox 643 1565 768 1594; x_wconf 87' lang='lat' dir='ltr'>autem</span> <span class='ocrx_word' id='word_1_165' title='bbox 822 1556 887 1595; x_wconf 87' lang='lat' dir='ltr'>hic</span> <span class='ocrx_word' id='word_1_166' title='bbox 938 1558 1061 1597; x_wconf 91' lang='lat' dir='ltr'>notari</span> <span class='ocrx_word' id='word_1_167' title='bbox 1112 1563 1310 1614; x_wconf 84' lang='lat' dir='ltr'>conuenit,</span> <span class='ocrx_word' id='word_1_168' title='bbox 1344 1564 1373 1605; x_wconf 91' lang='lat' dir='ltr'><strong>fi</strong></span> 
     </span>
     <span class='ocr_line' id='line_1_23' title="bbox 99 1618 1374 1673; baseline 0.006 -16"><span class='ocrx_word' id='word_1_169' title='bbox 99 1627 200 1657; x_wconf 78' lang='lat' dir='ltr'>rotae</span> <span class='ocrx_word' id='word_1_170' title='bbox 232 1618 607 1667; x_wconf 21' lang='lat' dir='ltr'>admodumsfuerint</span> <span class='ocrx_word' id='word_1_171' title='bbox 639 1618 859 1671; x_wconf 83' lang='lat' dir='ltr'>inaequales,</span> <span class='ocrx_word' id='word_1_172' title='bbox 905 1628 1014 1673; x_wconf 84' lang='lat' dir='ltr'>atque</span> <span class='ocrx_word' id='word_1_173' title='bbox 1065 1621 1236 1663; x_wconf 84' lang='lat' dir='ltr'>dentibus</span> <span class='ocrx_word' id='word_1_174' title='bbox 1287 1638 1374 1665; x_wconf 85' lang='lat' dir='ltr'>ma-</span> 
     </span>
     <span class='ocr_line' id='line_1_24' title="bbox 101 1673 1373 1740; baseline 0.007 -21"><span class='ocrx_word' id='word_1_175' title='bbox 101 1678 193 1719; x_wconf 86' lang='lat' dir='ltr'>ioris</span> <span class='ocrx_word' id='word_1_176' title='bbox 225 1691 339 1730; x_wconf 87' lang='lat' dir='ltr'>rotae,</span> <span class='ocrx_word' id='word_1_177' title='bbox 370 1680 568 1720; x_wconf 66' lang='lat' dir='ltr'>secundum</span> <span class='ocrx_word' id='word_1_178' title='bbox 589 1682 814 1734; x_wconf 84' lang='lat' dir='ltr'>exemplum</span> <span class='ocrx_word' id='word_1_179' title='bbox 834 1683 1013 1734; x_wconf 84' lang='lat' dir='ltr'>primum,</span> <span class='ocrx_word' id='word_1_180' title='bbox 1049 1673 1230 1725; x_wconf 72' lang='lat' dir='ltr'>tribtiatur</span> <span class='ocrx_word' id='word_1_181' title='bbox 1256 1687 1373 1740; x_wconf 81' lang='lat' dir='ltr'>figura</span> 
     </span>
     <span class='ocr_line' id='line_1_25' title="bbox 101 1743 1373 1797; baseline 0.009 -17"><span class='ocrx_word' id='word_1_182' title='bbox 101 1743 232 1794; x_wconf 82' lang='lat' dir='ltr'>plana,</span> <span class='ocrx_word' id='word_1_183' title='bbox 267 1752 347 1781; x_wconf 88' lang='lat' dir='ltr'>tum</span> <span class='ocrx_word' id='word_1_184' title='bbox 381 1755 529 1796; x_wconf 88' lang='lat' dir='ltr'>quoque</span> <span class='ocrx_word' id='word_1_185' title='bbox 565 1744 724 1797; x_wconf 85' lang='lat' dir='ltr'>figuram</span> <span class='ocrx_word' id='word_1_186' title='bbox 757 1745 926 1784; x_wconf 88' lang='lat' dir='ltr'>dentium</span> <span class='ocrx_word' id='word_1_187' title='bbox 962 1748 1119 1786; x_wconf 81' lang='lat' dir='ltr'>minoris</span> <span class='ocrx_word' id='word_1_188' title='bbox 1167 1759 1270 1789; x_wconf 79' lang='lat' dir='ltr'>rotae</span> <span class='ocrx_word' id='word_1_189' title='bbox 1322 1752 1373 1792; x_wconf 82' lang='lat' dir='ltr'>ita</span> 
     </span>
     <span class='ocr_line' id='line_1_26' title="bbox 100 1803 1372 1858; baseline 0.009 -16"><span class='ocrx_word' id='word_1_190' title='bbox 100 1803 180 1844; x_wconf 80' lang='lat' dir='ltr'>fore</span> <span class='ocrx_word' id='word_1_191' title='bbox 213 1803 497 1858; x_wconf 75' lang='lat' dir='ltr'>comparatam,</span> <span class='ocrx_word' id='word_1_192' title='bbox 531 1816 573 1846; x_wconf 87' lang='lat' dir='ltr'>vt</span> <span class='ocrx_word' id='word_1_193' title='bbox 606 1820 732 1847; x_wconf 84' lang='lat' dir='ltr'>earum</span> <span class='ocrx_word' id='word_1_194' title='bbox 766 1808 914 1848; x_wconf 84' lang='lat' dir='ltr'>euoluta</span> <span class='ocrx_word' id='word_1_195' title='bbox 969 1811 1009 1849; x_wconf 87' lang='lat' dir='ltr'>fit</span> <span class='ocrx_word' id='word_1_196' title='bbox 1058 1811 1215 1851; x_wconf 86' lang='lat' dir='ltr'>circulus</span> <span class='ocrx_word' id='word_1_197' title='bbox 1265 1815 1372 1854; x_wconf 85' lang='lat' dir='ltr'>radio</span> 
     </span>
    </p>
   </div>
   <div class='ocr_carea' id='block_1_3' title="bbox 95 1864 1373 1986">
    <p class='ocr_par' dir='ltr' id='par_1_3' title="bbox 95 1864 1373 1986">
     <span class='ocr_line' id='line_1_27' title="bbox 99 1864 1373 1931; baseline 0.008 -24"><span class='ocrx_word' id='word_1_198' title='bbox 99 1864 289 1908; x_wconf 74' lang='lat' dir='ltr'>BCze</span> <span class='ocrx_word' id='word_1_199' title='bbox 336 1869 553 1923; x_wconf 83' lang='lat' dir='ltr'>descriptus,</span> <span class='ocrx_word' id='word_1_200' title='bbox 602 1871 651 1911; x_wconf 87' lang='lat' dir='ltr'>ita</span> <span class='ocrx_word' id='word_1_201' title='bbox 696 1880 740 1911; x_wconf 82' lang='lat' dir='ltr'>vt</span> <span class='ocrx_word' id='word_1_202' title='bbox 791 1871 865 1913; x_wconf 91' lang='lat' dir='ltr'>hoc</span> <span class='ocrx_word' id='word_1_203' title='bbox 918 1872 998 1913; x_wconf 83' lang='lat' dir='ltr'>casu</span> <span class='ocrx_word' id='word_1_204' title='bbox 1045 1875 1160 1915; x_wconf 84' lang='lat' dir='ltr'>ambo</span> <span class='ocrx_word' id='word_1_205' title='bbox 1191 1878 1373 1931; x_wconf 85' lang='lat' dir='ltr'>exempla</span> 
     </span>
     <span class='ocr_line' id='line_1_28' title="bbox 95 1930 544 1986; baseline 0.002 -17"><span class='ocrx_word' id='word_1_206' title='bbox 95 1930 262 1970; x_wconf 82' lang='lat' dir='ltr'>exhibita</span> <span class='ocrx_word' id='word_1_207' title='bbox 294 1931 544 1986; x_wconf 63' lang='lat' dir='ltr'>conueniant.&gt;⁴</span> 
     </span>
    </p>
   </div>
   <div class='ocr_carea' id='block_1_4' title="bbox 89 2055 1370 2183">
    <p class='ocr_par' dir='ltr' id='par_1_4' title="bbox 89 2055 1370 2183">
     <span class='ocr_line' id='line_1_29' title="bbox 235 2055 1370 2117; baseline 0.011 -22"><span class='ocrx_word' id='word_1_208' title='bbox 235 2069 306 2104; x_wconf 78' lang='lat'>23.</span> <span class='ocrx_word' id='word_1_209' title='bbox 342 2055 444 2098; x_wconf 88' lang='lat' dir='ltr'>Cum</span> <span class='ocrx_word' id='word_1_210' title='bbox 481 2060 593 2112; x_wconf 87' lang='lat' dir='ltr'>igitur</span> <span class='ocrx_word' id='word_1_211' title='bbox 640 2061 867 2116; x_wconf 86' lang='lat' dir='ltr'>exemplum</span> <span class='ocrx_word' id='word_1_212' title='bbox 921 2065 1087 2117; x_wconf 87' lang='lat' dir='ltr'>primum</span> <span class='ocrx_word' id='word_1_213' title='bbox 1139 2067 1184 2106; x_wconf 88' lang='lat' dir='ltr'>ad</span> <span class='ocrx_word' id='word_1_214' title='bbox 1233 2080 1370 2108; x_wconf 85' lang='lat' dir='ltr'>omnes</span> 
     </span>
     <span class='ocr_line' id='line_1_30' title="bbox 89 2120 1368 2183; baseline 0.01 -24"><span class='ocrx_word' id='word_1_215' title='bbox 89 2120 196 2176; x_wconf 48' lang='lat' dir='ltr'>pasus</span> <span class='ocrx_word' id='word_1_216' title='bbox 227 2121 269 2164; x_wconf 79' lang='lat' dir='ltr'>sit</span> <span class='ocrx_word' id='word_1_217' title='bbox 301 2124 656 2179; x_wconf 82' lang='lat' dir='ltr'>accommodatum,</span> <span class='ocrx_word' id='word_1_218' title='bbox 691 2139 738 2166; x_wconf 86' lang='lat' dir='ltr'>ne</span> <span class='ocrx_word' id='word_1_219' title='bbox 774 2128 808 2164; x_wconf 88' lang='lat' dir='ltr'>in</span> <span class='ocrx_word' id='word_1_220' title='bbox 843 2139 892 2165; x_wconf 85' lang='lat' dir='ltr'>eo</span> <span class='ocrx_word' id='word_1_221' title='bbox 930 2130 1127 2183; x_wconf 78' lang='lat' dir='ltr'>quicquam</span> <span class='ocrx_word' id='word_1_222' title='bbox 1176 2132 1368 2182; x_wconf 70' lang='lat' dir='ltr'>incongrui</span> 
     </span>
    </p>
   </div>
   <div class='ocr_carea' id='block_1_5' title="bbox 777 2189 1368 2234">
    <p class='ocr_par' dir='ltr' id='par_1_5' title="bbox 777 2189 1368 2234">
     <span class='ocr_line' id='line_1_31' title="bbox 777 2189 1368 2234; baseline 0.005 -3"><span class='ocrx_word' id='word_1_223' title='bbox 777 2189 814 2231; x_wconf 82' lang='lat' dir='ltr'>R</span> <span class='ocrx_word' id='word_1_224' title='bbox 846 2202 865 2230; x_wconf 90' lang='lat' dir='ltr'>r</span> <span class='ocrx_word' id='word_1_225' title='bbox 901 2202 926 2229; x_wconf 89' lang='lat'>2</span> <span class='ocrx_word' id='word_1_226' title='bbox 1275 2205 1368 2234; x_wconf 82' lang='lat' dir='ltr'>ene-</span> 
     </span>
    </p>
   </div>
  </div>
 </body>
</html>
