2062 2664
690 197 773 240 352
877 184 1294 230 ANIMALIVM
1330 184 1782 244 QVORVNDAM

684 297 921 349 longissimae
973 308 1123 339 ornant.
1189 297 1350 338 Labium
1403 298 1574 352 superius,
1604 299 1661 338 vti
1696 299 1733 339 in
1767 299 1952 353 cuniculo,

691 361 814 400 versus
845 374 947 401 nares
973 361 1141 401 hiulcum
1175 362 1241 400 est.
1309 360 1456 401 Dentes
1488 363 1642 402 murinis
1675 361 1836 413 similes,
1876 363 1953 403 duo

698 424 739 463 in
785 434 939 476 Vtraque
987 424 1138 467 maxilla
1172 425 1378 477 praelongi.
1442 425 1553 465 Oculi
1592 431 1780 478 grandes,
1813 425 1961 465 iridibus

687 487 790 527 fuscis
837 487 1091 540 palpebrisque
1117 517 1127 535 ,
1180 487 1260 528 seris
1310 487 1540 527 breuioribus
1590 488 1753 539 emetis,
1805 487 1952 546 donati·

692 548 841 603 Corpus
873 550 1035 589 anterius
1067 560 1190 598 tenue,
1226 551 1407 603 posterius
1439 551 1705 604 amplissimum
1725 582 1737 602 ,
1780 551 1856 590 fere
1889 565 1955 599 ro,

679 614 852 665 tundum,
886 613 924 653 in
958 614 1111 653 caudam
1145 613 1275 655 desinit
1304 613 1555 666 longissimam
1575 646 1586 666 ‚
1617 615 1778 666 digitum
1813 614 1942 654 mino-

676 687 764 717 rem
814 675 968 715 crassitie
1003 687 1076 714 non
1112 684 1366 728 aequantem,
1418 677 1500 730 plus
1550 690 1663 730 quam
1703 677 1791 717 duas
1822 677 1951 717 tertias

677 738 921 791 longitudinis
957 747 1081 790 partes
1112 738 1198 791 pilis
1227 739 1432 779 durioribus
1464 749 1503 778 et
1552 740 1600 780 ita
1632 741 1800 780 breuibus
1840 739 1954 780 vesti-

677 810 784 851 tam,
830 811 874 841 vt
908 801 1130 853 angulositas
1161 801 1399 842 officulorum
1436 802 1572 842 caudae
1605 813 1757 842 externe
1789 813 1856 855 per
1892 803 1953 854 pi-

676 865 732 906 los
764 864 927 916 dignosci
962 864 1083 916 possit,
1116 865 1162 904 ab
1195 864 1280 906 hinc
1313 876 1408 906 vero
1441 865 1486 904 ad
1519 866 1803 907 extremitatem
1837 862 1949 917 vsque

676 927 761 980 pili·
797 927 876 969 suut
909 927 1098 979 longiores
1131 937 1167 966 et
1200 928 1237 966 in
1270 929 1513 968 extremitate
1556 929 1630 981 ipsa
1662 927 1862 981 longissimi
1894 936 1944 978 et,

676 990 733 1033 vti
766 991 807 1035 in
836 990 951 1032 cauda
984 990 1161 1041 Erminii‚
1196 1000 1256 1031 aut
1289 990 1426 1043 Sciuri,
1459 991 1586 1043 sparsi,
1620 989 1955 1031 tanstudelicatiffi-

680 1052 750 1092 mi.
823 1050 941 1092 Crura
975 1054 1154 1092 anteriora
1189 1053 1408 1104 breuissima,
1441 1056 1601 1106 quinque
1633 1054 1756 1105 digitis
1788 1054 1889 1094 iuxta
1921 1051 1954 1094 se

681 1115 812 1168 positis
843 1114 1046 1166 instructa,
1099 1115 1305 1167 posteriora
1354 1115 1564 1169 longissima
1585 1146 1597 1165 ‚
1647 1126 1802 1168 quatuor
1834 1115 1957 1167 digitis

684 1180 844 1227 munita,
880 1190 1037 1234 quorum
1072 1188 1147 1217 tres
1179 1181 1336 1219 anterius
1369 1179 1423 1219 siti
1457 1178 1561 1228 sunt,
1612 1189 1757 1231 quartus
1807 1176 1954 1228 pollicis

680 1240 761 1282 fere
816 1240 981 1281 distantia
1032 1240 1080 1279 ab
1129 1241 1371 1282 anterioribus
1419 1240 1573 1278 locatur.
1654 1239 1799 1278 Omnes
1848 1237 1954 1288 digiti

684 1303 891 1355 vnguiculis
923 1303 1128 1342 albentibus
1149 1333 1159 1351 ‚
1193 1303 1262 1340 vix
1295 1300 1502 1350 menturnis,
1532 1299 1764 1341 anteriorum
1798 1299 1950 1350 quidem

682 1365 828 1419 pedum
863 1364 1094 1410 breuioribus
1113 1394 1123 1412 ,
1173 1363 1421 1415 posteriorum
1473 1362 1584 1415 paulo
1626 1361 1853 1413 longioribus
1883 1361 1956 1399 do-

681 1436 827 1470 nantur,
895 1426 982 1466 Pilis
1022 1424 1282 1467 animalculum
1314 1425 1464 1464 vestitur
1498 1422 1700 1475 monibus,
1750 1421 1828 1460 satis
1869 1420 1954 1461 lon,

682 1491 753 1548 gis.
817 1487 1003 1545 Supinum
1039 1498 1172 1544 ¹corpus
1202 1496 1240 1526 et
1274 1494 1432 1527 externa
1483 1484 1624 1538 pedum
1659 1495 1740 1536 pars
1779 1484 1958 1527 lutescen0

681 1561 720 1591 te
752 1551 879 1590 colore
899 1582 910 1604 ,
960 1550 1019 1589 cui
1073 1550 1236 1588 cinereus
1268 1547 1422 1586 obscure
1456 1549 1665 1601 permixtus
1697 1547 1772 1597 est,
1804 1548 1952 1600 gaudet,

681 1614 730 1654 ad
763 1622 941 1653 exortum
977 1623 1067 1657 vcro
1097 1612 1234 1664 pedum
1271 1610 1517 1662 posteriorum
1551 1619 1589 1651 et
1636 1610 1772 1650 caudae
1823 1612 1951 1663 virgae

680 1676 828 1718 candidi
862 1675 1230 1727 coioris-·apparent,
1264 1685 1382 1725 prona
1416 1686 1502 1727 pars
1531 1671 1714 1726 corporis,
1751 1682 1792 1712 vt
1820 1682 1858 1712 et
1891 1673 1953 1712 in-

680 1748 785 1787 terna
819 1741 967 1793 pedum,
1014 1737 1203 1777 candidae.
1270 1735 1424 1787 (janda,
1473 1737 1593 1789 quoad
1627 1735 1829 1777 durioribus
1865 1735 1954 1789 pilis

681 1802 853 1857 vestitur,
886 1801 1086 1850 lutescens,
1120 1810 1200 1839 tum
1235 1801 1382 1840 vnciam
1418 1800 1563 1841 circiter
1593 1799 1744 1839 candida
1768 1830 1779 1848 ‚
1810 1799 1847 1838 in
1880 1810 1953 1838 ex·-

686 1868 877 1904 tremitate
910 1864 1066 1915 denique
1099 1863 1322 1915 nigerrima,
1355 1864 1462 1915 apice
1495 1863 1681 1904 interdum
1712 1860 1800 1908 ‚albo
1832 1862 1952 1907 adhue

686 1936 828 1975 oruata.
894 1925 1160 1971 Dimensiones
1188 1925 1376 1986 sequentes
1409 1925 1512 1972 sunu
