2062 2664
336 155 835 207 THEOREMATIS
869 154 1329 203 FERMAT-IANL
1414 169 1479 198 2-1..

582 269 617 311 C
651 269 690 310 O
721 271 759 312 R
795 270 834 310 O
863 269 897 309 L
930 271 975 310 L.
1048 286 1088 311 1.

359 390 426 426 19.
462 372 503 415 Si
521 374 630 428 igitur
654 380 680 426 p
702 373 743 414 fit
762 386 938 430 numerus
955 374 1094 428 impar,
1114 380 1205 427 puta
1216 381 1310 428 p:
1325 379 1422 430 2q÷
1435 386 1475 428 1,

207 444 335 487 omnia
369 439 508 480 refidua
542 450 592 478 ex
628 437 686 477 his
720 447 865 478 tantum
898 438 1085 491 quadratis

399 510 1045 564 1‚4‚9‚16.....qq

205 583 481 639 cognoscentur.
549 584 606 623 At
636 580 660 621 fi
687 588 717 635 p
753 581 799 621 fit
833 593 1011 622 numerus
1042 594 1120 635 par,
1154 590 1243 636 puta
1272 588 1373 636 p:-
1398 591 1421 617 2
1443 588 1481 633 q,

206 650 297 705 haec
332 647 507 701 quadrata
543 659 581 698 1,
613 658 652 697 4,
689 658 729 697 9,
766 648 819 684 16
856 674 1053 686 .....
1087 656 1144 700 qq
1177 645 1309 687 omnia
1342 643 1481 698 produ-

207 721 292 754 cent
322 710 476 752 refidua.

596 812 989 858 COROLL.
1056 825 1096 854 2.

358 921 430 949 20.
479 907 518 949 Si
566 909 660 950 haec
711 909 847 950 refidua
899 907 1031 948 omnia
1065 907 1162 946 inter
1194 905 1226 944 se
1258 905 1390 945 fuerint
1424 905 1485 944 in-

208 973 385 1029 aequalia,
416 985 502 1013 cum
537 984 671 1014 eorum
704 984 879 1013 numerus
912 972 954 1012 fit
987 983 1042 1009 z
1061 980 1097 1024 q,
1131 967 1211 1008 casu
1245 968 1378 1020 priori,
1410 980 1496 1019 quo*

205 1045 234 1094 p
253 1050 304 1079 Ξ
327 1050 350 1075 2
373 1048 397 1089 q
419 1042 484 1081 -{—
511 1049 550 1089 1,
583 1047 620 1077 et
647 1045 675 1090 p
695 1058 736 1064 -
759 1051 777 1075 1
803 1049 856 1076 z:
879 1048 900 1072 2
929 1046 966 1087 q,
999 1045 1174 1073 numerus
1210 1030 1488 1070 non-refiduo-

148 1116 155 1123 ²
214 1112 296 1140 rum
331 1100 402 1137 erit
435 1110 490 1136 z:
510 1109 546 1151 q.
645 1097 739 1136 Casu
783 1097 993 1150 posteriori,
1027 1108 1105 1148 quo
1140 1108 1194 1134 z
1206 1101 1234 1147 p
1255 1106 1307 1132 z:
1331 1105 1354 1131 2
1376 1103 1412 1146 q,
1448 1102 1487 1132 et

203 1170 235 1217 p
255 1183 293 1188 -
317 1173 335 1199 1
360 1173 406 1199 z
430 1171 489 1212 2q
508 1181 547 1186 ——
570 1173 608 1210 1,
644 1161 822 1199 omnium
857 1158 1182 1199 nou-rcfiduorum
1214 1168 1388 1196 numerus
1417 1155 1504 1213 etirg

214 1236 269 1266 Ξ
288 1233 313 1277 q
328 1242 366 1250 —
395 1233 441 1261 1.

605 1323 996 1370 COROLL.
1062 1337 1107 1376 3.

364 1443 436 1471 2r.
470 1426 511 1471 Si
539 1441 565 1470 a
597 1431 643 1472 fit
672 1443 851 1472 numerus
879 1430 1087 1484 quicunque
1121 1440 1200 1468 non
1218 1428 1356 1480 maior,
1375 1441 1489 1482 quam

215 1495 402 1548 ,2:¹‚vel
430 1492 468 1547 ξ,
504 1504 613 1548 atque
649 1494 833 1536 refiduum
864 1493 1037 1544 constet,
1068 1493 1170 1546 quod
1217 1504 1268 1533 ex
1309 1492 1492 1533 diuifione

217 1550 382 1624 qu²adrati
432 1580 492 1609 aa
534 1580 604 1622 per
643 1580 840 1608 numerum
871 1575 899 1622 p
932 1565 1102 1615 resultat,
1151 1566 1284 1605 omnia
1317 1567 1494 1620 quadrata

218 1634 257 1673 in
289 1633 359 1673 hac
392 1631 517 1672 forma
547 1632 713 1685 generali
747 1633 802 1678 (n
817 1639 845 1686 p
869 1634 929 1686 ὲ
952 1642 977 1671 ιι
996 1623 1027 1685 )²
1061 1636 1239 1667 contenta
1257 1629 1361 1669 idem
1383 1642 1495 1682 prae·
1527 1671 1533 1676 ‚

217 1694 358 1736 bebunt
390 1696 586 1735 refiduum.
654 1695 711 1736 At
742 1695 890 1735 numeri
922 1703 1059 1733 omnes
1090 1691 1255 1730 omnino
1298 1694 1335 1732 in
1371 1693 1494 1733 form-³.

220 1770 246 1801 n
255 1765 288 1814 p
306 1762 370 1815 ὲ
391 1768 416 1798 a
432 1758 687 1812 includuntur,
721 1760 772 1800 ita
798 1768 842 1800 vt
861 1771 886 1800 a
905 1769 985 1798 non
1002 1754 1163 1797 excedat
1181 1754 1242 1795 vel
1260 1755 1363 1809 ἑτέ,
1382 1755 1446 1801 vel
1462 1752 1495 1804 Ξ.

595 1876 1120 1923 SCHOLION.

375 1995 447 2026 22.
477 1983 566 2039 Quo
595 1982 768 2025 indolem
800 1995 1057 2026 numerorum
1075 2015 1088 2035 ,
1138 1984 1201 2038 qui
1233 1983 1312 2025 sunt
1343 1982 1497 2034 refidua,

225 2045 363 2091 facilius
393 2048 595 2101 explorare
626 2045 764 2099 liceat,
814 2047 946 2088 seriem
979 2047 1209 2088 refiduorum
1241 2048 1514 2101 repraesenter

230 2122 315 2154 mus
342 2110 404 2154 his
433 2111 563 2153 litteris
599 2124 636 2152 x.
673 2124 712 2151 α.
747 2112 789 2167 β.
826 2125 878 2169 Ύ.
906 2108 957 2213 g.
990 2125 1021 2151 ε.
1054 2106 1093 2166 ζ.
1131 2121 1204 2170 εις.
1238 2123 1312 2165 pro
1340 2108 1515 2150 diuisor&

977 2183 999 2221 3
1450 2177 1498 2225 Pu
