2062 2664
689 175 719 235 )(
755 189 808 229 43
840 170 878 234 ’)(

294 303 339 346 In
361 304 530 343 sermone
551 302 652 353 sufrti
675 301 838 341 indicato
857 332 866 348 ,
887 299 1123 340 mentionem
1143 301 1248 341 huius
1269 296 1431 342 Metlio-

153 370 190 410 di
224 380 342 422 paucis
375 368 551 405 iniecerat
601 363 742 403 Clariss.
780 363 931 402 Auctor
953 393 963 412 ‚
1013 363 1050 400 in
1086 365 1261 414 praesenti
1302 376 1431 404 autem

156 431 401 472 diflertutioue
424 459 433 476 ,
469 429 503 467 id
540 429 613 466 inm
649 427 754 478 agit,
786 436 830 465 vt
864 425 1014 473 calculi,
1050 425 1229 465 cuiualiic
1249 438 1344 477 opus
1362 428 1433 475 est,

155 493 355 534 instituendi
384 492 545 530 modum
580 491 661 529 datii
688 501 802 541 opera
832 498 1034 540 exponat,
1063 489 1287 540 reliquiisque
1309 520 1321 541 ‚
1341 501 1435 541 qnae

157 555 397 596 obieruaentiae
431 556 508 593 sunt
544 563 677 591 nautae
703 584 712 602 ‚
755 553 815 603 qui
849 550 1082 591 Methodum
1128 552 1224 592 lianc
1255 553 1297 591 -in
1330 552 1432 591 vium

154 630 287 657 vocare
321 618 423 670 cupit
442 649 452 668 ,
483 618 643 656 cautelas
662 647 672 666 ,
701 614 883 667 explicet.

301 739 555 787 Recensentiir
595 740 762 798 primum
816 738 996 785 Metliodi
1049 743 1158 784 liuius
1206 736 1436 792 commoda,

147 819 248 861 'quae
303 810 370 849 linc
423 809 496 848 fere
565 809 785 847 reducuntur
834 838 846 858 ,
908 807 1010 860 quod
1073 806 1168 845 nihil
1226 807 1440 846 timendum

154 875 201 913 sit
229 903 239 922 ,
285 884 402 923 neqve
450 884 470 910 a
520 870 789 910 refractionum
839 869 1049 909 diuersitate
1091 881 1133 908 ac
1176 868 1443 918 inconstantia,

158 948 279 988 neque
310 935 357 974 ab
391 934 614 974 Horizontis
646 932 816 971 sensibilis
849 932 1116 979 inclinatione,
1149 942 1269 982 neque
1288 932 1440 969 tandem

156 1000 202 1037 ab
234 998 442 1047 erroribus,
476 998 510 1036 in
545 996 749 1035 differentia
782 993 1017 1034 altitudinum
1039 1024 1049 1041 ‚
1081 1002 1144 1032 aut
1169 992 1415 1035 obseruatoris
1436 1023 1447 1042 ,

158 1071 219 1100 aut
251 1060 488 1099 instrumenti
530 1060 658 1108 vitio,
708 1057 925 1096 commiffis.
991 1055 1145 1095 Deinde
1192 1055 1266 1107 ipsa
1314 1054 1446 1094 calculi

162 1122 370 1161 instituendi
413 1122 506 1159 ratio
555 1119 753 1159 luculenter
799 1119 1035 1170 exponitur,
1081 1119 1218 1168 cuius,
1268 1117 1330 1169 qni
1379 1116 1448 1157 fibi

161 1185 326 1223 formai-e
358 1180 546 1221 voluerint
577 1181 699 1219 ideam
734 1211 744 1229 ‚
777 1180 823 1218 ad
865 1179 1062 1230 legendam
1116 1179 1229 1232 ipfiim
1281 1179 1447 1219 differta-

161 1247 303 1285 tionem
346 1243 535 1293 ablegandi
569 1242 659 1281 sunt.
698 1241 837 1281 Pendet
869 1251 995 1283 autem
1030 1244 1092 1282 iiic
1124 1243 1312 1292 calculus,
1340 1252 1450 1295 atque

163 1310 352 1360 cognitam
400 1306 573 1358 supponit
608 1304 685 1345 Poli
715 1306 965 1346 eleuationem
986 1336 997 1354 ‚
1039 1305 1164 1356 vnde,
1204 1317 1294 1345 cum
1329 1307 1453 1345 minus

165 1371 284 1411 secura
316 1368 387 1409 effe
422 1368 532 1421 possit
567 1367 670 1407 liuius
703 1368 992 1418 determinatio,
1025 1369 1185 1409 timendi
1237 1369 1337 1408 locus
1384 1369 1453 1407 effe

126 1477 130 1479 ,
166 1433 290 1487 potest
310 1463 320 1477 ‚
356 1445 403 1472 ne
436 1433 473 1471 in
507 1431 583 1472 hoc
614 1429 742 1471 calculi
796 1430 989 1470 elemento
1036 1430 1224 1471 commissi
1275 1442 1454 1481 errores,

169 1509 328 1551 magnos
361 1496 400 1535 in
434 1494 618 1548 temporis
651 1506 800 1547 quoque
830 1494 1142 1535 determinatione
1176 1494 1261 1533 inde
1295 1494 1453 1535 deducta

170 1569 368 1613 procreent
401 1570 554 1598 errores.
620 1557 747 1596 Tollit
795 1566 921 1597 autem
972 1556 1047 1596 lioc
1099 1554 1251 1596 dubium
1307 1559 1458 1611 penitus

170 1622 270 1664 Clar.
304 1622 454 1662 Audtor
472 1652 483 1671 ‚
503 1618 625 1660 versus
643 1620 898 1660 dissertationis
914 1619 1029 1660 finem
1054 1652 1062 1670 ,
1082 1621 1144 1660 vbi
1163 1617 1459 1671 commonstrat,

175 1698 317 1725 errores
349 1685 387 1723 in
422 1683 502 1724 Poli
536 1684 729 1723 altitudine
763 1692 913 1733 tantos,
938 1683 1000 1735 qui
1019 1683 1150 1723 euirati
1171 1682 1275 1723 facile
1296 1685 1460 1736 possiint,

175 1748 245 1788 vix
279 1746 479 1786 sensibilem
514 1748 552 1785 in
585 1756 759 1799 tempore
791 1746 874 1785 inde
910 1745 1071 1785 deducto
1099 1744 1311 1798 'procreare
1361 1757 1460 1785 erro-

175 1822 256 1850 rem
280 1839 292 1860 ,
327 1809 447 1848 modo
476 1810 550 1848 rite
582 1809 763 1860 eligantur
801 1807 940 1849 Stellae
970 1834 981 1857 ‚
1025 1809 1062 1849 in
1095 1809 1224 1862 quibus
1256 1807 1470 1850 obseruatio.

176 1873 390 1912 instituatur.
457 1870 521 1911 Ne
554 1870 680 1921 itaque
721 1873 807 1924 quid
858 1872 1054 1921 habeant,
1107 1872 1206 1925 quod
1256 1871 1462 1912 desiderent

176 1945 305 1975 nautae
330 1963 342 1982 ‚
376 1934 556 1985 peculiari
591 1934 846 1986 disquisitione
869 1966 877 1985 ,
909 1935 1050 1987 regulas
1070 1966 1080 1986 ,
1112 1947 1199 1989 quas
1223 1934 1319 1986 sequi
1347 1946 1464 1988 opor·

177 2007 263 2048 tet,
294 1997 331 2035 in
366 1996 545 2047 eligendis
576 1994 695 2034 Stellis
715 2029 725 2047 ,
758 2006 801 2036 vt
835 2000 1020 2050 temporis
1053 1998 1322 2039 determinatio
1349 2027 1360 2047 ‚
1413 2008 1465 2036 ex

178 2059 384 2100 differentia
419 2059 660 2098 altitudinum
696 2059 888 2108 eruenda,
922 2061 968 2099 ab
1000 2074 1126 2102 errore
1165 2062 1203 2101 in
1255 2062 1466 2101 eleuatione

178 2123 258 2165 Puli
289 2122 448 2162 admisso
481 2121 520 2162 sit
552 2121 759 2173 tutissima,
792 2123 995 2164 constituit.

796 2184 825 2224 F
860 2196 884 2224 2
1418 2177 1463 2226 ss
