2062 2664
1165 197 1200 255 >i
1230 214 1291 251 44
1320 197 1351 255 )(

1229 325 1281 365 ΙΙ.

615 386 879 444 Errorem
905 382 1256 444 Tabularum
1282 386 1586 444 Lunarium
1609 407 1683 445 ex
1706 388 1891 467 ECIip-

634 468 772 532 fibus
815 472 1049 528 Soiis—
1075 467 1518 528 definiendorum
1566 470 1893 553 disquisitio

701 553 959 612 At1&0re
998 556 1075 612 A.
1108 554 1181 611 N.
1227 552 1534 614 Grischow.
1579 576 1636 635 p.
1681 579 1806 633 431.

610 641 852 779 bligni
889 684 1080 723 momenti
1116 683 1261 737 semper
1296 683 1390 722 visae
1424 683 1895 733 suntAstronomisAEcli-

799 746 915 785 'Jslum
936 755 1012 785 tam
1035 747 1216 786 lunarium
1233 777 1246 796 ‚
1267 758 1380 798 quam
1406 747 1575 787 solatium
1597 748 1893 802 obseruationes,

608 818 718 858 atque
751 821 824 859 pro
855 810 1086 848 emendanda
1121 810 1280 850 satellitis
1300 809 1410 848 nostri
1431 811 1596 850 Theoriu
1617 844 1627 862 ‚
1654 813 1892 863 eruendisque

607 869 814 910 tabularum
849 869 1025 911 haetenus
1058 873 1347 913 constructarum
1381 876 1570 914 erroribus
1597 904 1608 922 ,
1664 873 1897 915 vtihiiimse.

606 931 862 972 praetulerunt
892 944 1046 986 autem,
1081 949 1149 986 pro
1181 937 1388 976 obtinendo
1423 937 1496 976 hoc
1529 936 1643 989 scopo
1665 968 1676 987 ,
1708 950 1784 977 non
1817 937 1897 976 stne*

604 995 657 1033 sat
690 997 975 1048 praegnantibus
1008 999 1243 1050 rationibus,
1282 999 1412 1038 solares
1446 1000 1612 1052 Eclipses
1658 1001 1700 1038 iis
1741 1032 1751 1049 ,
1804 1013 1898 1052 quzffi⁴

606 1056 712 1098 Luna
745 1059 917 1111 patitur3
963 1062 1135 1112 priorum
1172 1063 1276 1100 enim
1329 1063 1481 1112 potiora
1531 1071 1729 1101 momenta
1778 1063 1892 1114 longe

603 1120 770 1162 exastius
791 1152 802 1172 ‚
833 1133 945 1173 quam
977 1122 1226 1176 posteriorum
1248 1152 1258 1166 ‚
1291 1122 1482 1164 obseruare
1516 1125 1555 1163 in
1591 1124 1776 1176 potestate
1821 1125 1885 1165 est.

752 1248 999 1303 Praecipuum
1032 1247 1131 1301 quod
1164 1245 1264 1288 Clar.
1302 1247 1454 1287 Austor
1484 1249 1634 1300 exigere
1662 1248 1724 1288 fibi
1746 1260 1891 1302 propo·

600 1311 669 1351 suit
701 1313 896 1364 negotium
917 1344 926 1363 ‚
960 1325 998 1352 in
1033 1311 1101 1351 hac
1121 1311 1331 1351 dissertione
1349 1323 1397 1350 eo
1417 1312 1532 1358 redit,
1552 1321 1594 1349 vt
1613 1324 1663 1350 ex
1680 1311 1893 1363 Eclipfihus

599 1373 800 1424 solaribus,
833 1376 874 1415 d.
910 1387 980 1424 25.
1017 1375 1099 1415 Iulii
1134 1375 1184 1414 A.
1224 1377 1352 1423 1748.
1395 1384 1434 1413 et
1465 1375 1503 1412 d.
1549 1381 1586 1415 8,
1626 1374 1706 1413 Ian.
1758 1375 1786 1413 st
1849 1388 1885 1415 n.

605 1449 733 1486 1750.
769 1438 923 1478 solerter
953 1451 973 1479 a
1007 1441 1041 1477 ie
1092 1438 1314 1484 obseruatis,
1366 1448 1541 1486 erroreS,
1583 1439 1710 1490 quibus
1744 1438 1898 1480 tabulae.

599 1499 813 1541 Halleianae
855 1501 1050 1541 obnoxiae
1091 1499 1196 1551 sunt,
1231 1501 1425 1553 disquirit.
1496 1496 1717 1539 Generatim
1764 1502 1886 1552 itaque

597 1565 799 1617 primum,
834 1565 877 1604 ad
911 1577 1003 1616 quae
1036 1564 1234 1616 praecipue
1265 1564 1530 1603 attendendum
1572 1563 1614 1603 fit
1657 1564 1693 1601 in
1746 1563 1886 1603 institu-

594 1627 698 1666 endis
731 1627 935 1679 Eclipfium
971 1627 1138 1666 solarium
1174 1627 1486 1666 obseruationibus
1512 1658 1522 1676 ,
1558 1636 1598 1666 vt
1644 1627 1887 1666 emendandis

596 1690 725 1729 tabulis
755 1701 861 1742 aptae
893 1692 1072 1740 enudant,
1105 1691 1267 1739 exponit
1300 1699 1408 1743 atque
1439 1689 1742 1738 commonstrat,
1775 1702 1880 1729 accu-

594 1763 713 1791 ratam
746 1753 840 1793 initii
883 1763 919 1793 et
950 1753 1033 1793 finis
1073 1752 1266 1804 Eclipseos
1298 1752 1593 1791 obseruationem
1615 1783 1625 1801 ,
1674 1763 1747 1791 vna
1793 1765 1883 1792 cum

592 1815 725 1855 exaCta
758 1816 931 1856 diametri
965 1816 1089 1856 Lunae
1119 1816 1332 1868 apparentis
1361 1815 1702 1866 determinatione,
1738 1825 1879 1854 vtram-

589 1888 660 1930 que
693 1878 756 1919 hic
788 1878 904 1920 ficere
937 1881 1124 1933 paginam.
1186 1877 1362 1931 Deliquia
1405 1888 1528 1917 autern
1562 1876 1661 1916 Solis
1699 1875 1848 1917 minora
1868 1909 1880 1925 ,

589 1949 653 1980 aut
686 1953 726 1980 ea
747 1973 758 1992 ,
790 1943 852 1981 vbi
896 1943 1026 1982 minor
1058 1954 1140 1995 pars
1171 1939 1270 1980 Solis
1302 1953 1323 1979 a
1363 1940 1469 1979 Luna
1510 1939 1726 1990 obtegitur,
1760 1942 1882 1980 maio-

590 2003 685 2043 ribus
718 2017 788 2057 pro
824 2007 898 2045 hoc
938 2005 1053 2058 scopo
1096 2003 1336 2057 praeferenda
1365 2002 1465 2051 effe,
1497 2000 1750 2051 demonstrat,
1791 2015 1879 2044 curn

588 2078 729 2107 errores
762 2068 801 2107 in
835 2067 1022 2107 diametro
1066 2067 1193 2106 Lunae
1214 2096 1224 2114 ,
1255 2073 1315 2103 aut
1351 2061 1540 2116 Eclipseos
1568 2063 1758 2104 duratione
1779 2066 1880 2106 forte

586 2118 777 2170 commisti
797 2160 808 2177 ‚
850 2131 890 2170 in
931 2129 1161 2183 longitudine
1196 2137 1234 2166 et
1251 2126 1442 2166 latitudine
1460 2125 1588 2165 Lunae
1609 2159 1618 2177 ‚
1635 2139 1684 2166 ex
1711 2128 1881 2169 obserua-

587 2192 690 2232 tione
709 2205 777 2249 per
796 2201 1023 2247 computum
1043 2190 1200 2233 deducta
1213 2220 1225 2243 ,
1244 2189 1411 2231 minores
1429 2199 1511 2230 tum
1531 2198 1706 2244 procreet
1724 2203 1877 2233 errores.

1751 2252 1879 2308 Ipsum
