2062 2664
602 190 689 240 408
727 172 1202 227 OBSERVATIONES'
1234 173 1289 217 M
1292 168 1659 216 ETEOROLOGI
1662 168 1788 220 CAE,

603 298 703 352 gulis
734 292 985 337 altitudinibus
1013 286 1229 330 Barometri
1279 284 1485 336 addendaS,
1520 285 1547 327 fi
1580 283 1650 324 hae
1685 283 1889 326 defideren·

605 371 667 402 tur
698 374 720 401 a
754 371 836 412 ripa
870 356 963 397 dicti
993 354 1110 394 fluuii.

744 417 782 465 ξ.
831 432 870 459 2.
938 416 1223 459 obseruationes
1260 412 1515 454 Therometri
1556 411 1594 455 F
1596 410 1891 471 ahrenheitiani‚

607 489 647 530 in
680 488 769 527 a'ere
791 484 911 524 libero
930 512 940 531 ,
990 479 1052 519 sed
1085 476 1284 529 vmbrofo,
1314 475 1464 531 semper
1495 477 1697 529 constituti,
1731 479 1886 532 sequen-

612 560 693 591 tem
738 547 916 603 praebent
967 541 1143 582 tabellam
1167 573 1178 592 ,
1221 552 1312 593 quae
1357 541 1530 594 cuiusque
1561 541 1697 582 mensis
1729 544 1888 586 ostendit

609 613 769 667 gradun-i
802 608 935 650 caloris
967 607 1201 656 maximum,
1234 612 1273 644 et
1305 604 1526 658 minimum,
1561 617 1650 645 cum
1683 606 1893 652 differentia

608 684 817 729 Vtriusque.

673 770 816 813 Menfis
849 780 956 809 max.
1002 767 1100 808 min.
1152 766 1229 807 diff

674 835 757 875 Ian.
807 851 829 862 -
861 844 918 882 47
953 847 975 863 ι
1017 843 1073 881 14
1107 855 1123 862 -
1161 844 1235 882 33.

674 897 822 939 Febr.-
855 909 916 946 44
954 915 972 926 -
1011 901 1064 936 28
1109 921 1128 928 -
1168 899 1235 934 16.

676 960 824 1003 Mare·
867 969 919 1007 53
957 981 978 990 -
1009 961 1068 996 26
1112 983 1131 992 -
1166 968 1237 1007 27.

674 1024 774 1076 Apr.
809 1044 829 1051 -
867 1025 927 1062 60
961 1041 982 1051 -ν
1022 1034 1079 1071 30
1113 1044 1133 1051 -
1165 1031 1237 1067 30.

677 1086 761 1130 Mai
813 1088 923 1133 -67
958 1109 972 1116 -
1014 1087 1073 1135 46
1110 1106 1125 1113 -
1171 1097 1243 1126 21.

679 1151 767 1192 Iun.
817 1172 832 1180 -
874 1154 923 1190 81
959 1169 981 1178 —
1022 1151 1079 1199 56
1110 1169 1129 1180 -
1171 1159 1242 1199 25.

1273 763 1412 806 Menfis
1443 775 1553 806 max.
1585 765 1681 807 min.
1728 766 1811 811 diff.

1275 828 1343 868 Iul.
1396 850 1417 857 -
1446 837 1502 876 72
1538 851 1558 858 -
1593 838 1649 878 57
1682 853 1703 862 -
1741 842 1816 880 ις.

1276 894 1377 946 Aug.
1403 914 1417 922 -
1453 901 1511 940 72
1539 915 1561 923 -
1594 903 1650 941 53
1686 915 1707 924 -
1741 907 1813 946 19.

1277 956 1417 1009 Sept.-
1451 962 1509 1003 78
1545 982 1561 992 -
1596 966 1655 1007 47
1689 977 1707 989 ·
1742 971 1817 1008 31.

1276 1020 1366 1060 Ost.
1402 1040 1419 1049 -
1453 1021 1507 1057 61
1543 1039 1562 1051 ·
1595 1032 1653 1070 30
1688 1042 1706 1051 —
1742 1034 1817 1071 31.

1280 1082 1425 1122 Nou.-
1459 1091 1518 1131 50
1553 1104 1572 1114 ·
1604 1095 1663 1135 24
1696 1107 1717 1114 -
1742 1088 1816 1128 26.

1278 1145 1378 1186 Dec.
1414 1169 1432 1176 -
1466 1156 1521 1194 52
1557 1170 1577 1179 -
1611 1160 1662 1198 13
1702 1162 1815 1198 -39.

769 1262 881 1303 Vnde
914 1270 1070 1314 apparet
1102 1261 1322 1299 maximum
1356 1268 1423 1308 per
1456 1255 1557 1294 hunc
1592 1267 1732 1296 aunum
1770 1258 1898 1300 caloris

620 1326 776 1380 gradum
810 1323 916 1364 fuisse
954 1330 1024 1371 81,
1058 1322 1120 1374 qui
1153 1320 1284 1360 incidit
1318 1318 1380 1358 die
1415 1329 1473 1367 30
1508 1316 1623 1369 Iunii,
1658 1317 1773 1359 flante
1807 1320 1899 1361 forti

623 1388 793 1439 Austro,
843 1385 929 1438 post
977 1396 1157 1437 magnam
1201 1383 1423 1423 varietatem
1460 1388 1667 1421 ventorum
1687 1413 1698 1433 ‚
1738 1382 1900 1425 turbines

625 1453 768 1497 etiam,
821 1448 932 1488 coelo
967 1448 1089 1498 paucis
1122 1446 1310 1484 nubeculis
1341 1452 1551 1497 occup-am,
1587 1453 1626 1484 et
1656 1444 1901 1499 subsequenti-

628 1514 696 1553 bus
726 1510 871 1563 vesperi
904 1508 1045 1548 leuibus
1075 1506 1389 1559 fulgurationibus.
1453 1506 1671 1547 Maximum
1704 1519 1799 1548 vero
1831 1509 1906 1550 hu-

631 1577 686 1616 ius
736 1574 819 1613 anni
853 1572 964 1624 frigus
1012 1570 1066 1611 est
1105 1582 1158 1620 13
1196 1569 1409 1623 graduum,
1459 1570 1559 1621 quod
1592 1568 1761 1611 senfimUS
1792 1585 1905 1614 mane

628 1636 855 1680 Decembris
906 1636 965 1675 die
995 1648 1055 1686 4,
1102 1633 1216 1674 flante
1264 1628 1456 1690 Zephyro
1497 1633 1601 1671 tenui
1642 1633 1682 1672 in
1712 1634 1908 1677 serenitate

632 1700 810 1757 perfee'ta.
878 1698 1030 1740 Medius
1077 1697 1192 1750 igitur
1240 1696 1352 1736 totius
1390 1694 1501 1736 huius
1538 1695 1628 1735 anni
1659 1696 1792 1737 caloris
1823 1711 1908 1752 gra-

633 1767 700 1808 dus
731 1763 785 1803 est
818 1771 893 1814 47,
927 1761 1091 1813 adeoque
1124 1772 1203 1799 vno
1233 1759 1348 1813 gradu
1379 1757 1472 1799 infra
1506 1760 1737 1813 temperiem
1771 1763 1911 1803 mode-

635 1838 771 1876 ratam,
805 1838 897 1878 quae
932 1824 1098 1864 statuitur
1131 1829 1186 1874 48
1221 1823 1324 1876 grad.

753 1889 788 1939 §.
825 1898 868 1937 3.
931 1889 1100 1929 Auroras
1131 1886 1295 1927 boreales
1324 1885 1401 1926 hoc
1429 1897 1531 1927 anno
1560 1885 1751 1939 sequentes
1790 1889 1912 1929 obser-

639 1966 743 1996 vam.

761 2013 953 2055 Februarii
987 2016 1043 2053 26
1077 2021 1116 2053 et
1149 2025 1205 2066 29
1227 2044 1238 2064 ‚
1287 2012 1384 2052 inter
1431 2011 1550 2052 nubes
1588 2021 1712 2054 tenues
1761 2013 1914 2068 suspicio

641 2077 743 2124 mihi
775 2086 859 2119 orta
893 2076 946 2118 est
978 2077 1025 2118 de
1058 2076 1124 2117 tali
1156 2077 1255 2128 luce,
1288 2076 1428 2117 incerta
1459 2084 1602 2116 tamen.

1805 2139 1913 2184 Mar-
