2062 2664
339 160 855 210 ‘THEOREMATIS
918 162 1372 209 FERMATIANL
1442 178 1499 214 29

620 275 654 316 C
686 276 725 316 o
757 277 794 318 R
827 277 867 316 o
901 276 935 317 L
967 277 1014 316 L.
1085 292 1124 317 ι.

348 379 419 424 38.
487 370 541 410 Vt
573 371 686 423 igitur
719 370 855 410 veritas
895 370 1146 410 theorematis
1177 371 1378 422 consistat,
1431 387 1504 415 ne-

233 437 326 479 eeffe
360 436 432 485 est,
465 444 508 472 vt
544 434 691 474 numeri
720 445 744 473 r
775 442 813 472 et
846 444 907 485 rs,
941 432 1001 472 seu
1036 444 1058 472 r
1100 441 1139 472 et
1173 445 1192 472 s
1223 433 1294 473 fiut
1328 435 1375 472 ad
1407 436 1503 476 diui-

231 500 348 540 sorem
374 505 404 551 p
426 496 554 549 primi.
605 494 724 549 Supra
758 496 861 536 enim
896 496 1068 545 vidimus,
1104 496 1130 536 fi
1165 495 1208 535 s1t
1232 504 1335 550 p:
1358 508 1428 547 12,
1462 499 1502 538 in

230 560 377 602 refiduis
426 558 576 612 reperiri
627 571 799 599 numeros
840 572 869 609 4
902 567 942 598 et
974 571 1015 610 0,
1046 558 1106 598 seu
1140 573 1170 609 4
1200 567 1240 598 et
1277 570 1329 597 12
1351 589 1363 609 ‚
1410 559 1502 601 hinc

228 632 369 674 autem,
395 622 519 675 pofito
548 634 640 663 r:
661 637 691 673 4
723 631 763 661 et
791 633 850 663 rs
870 634 921 663 ,τ-
958 635 1027 672 12,
1062 633 1139 662 non
1172 620 1330 674 sequitur
1367 634 1502 663 nume-

227 697 314 730 rum
363 698 452 726 s:
476 699 497 736 3
537 686 576 724 in
617 685 764 725 refiduis
795 684 979 738 reperiri:
1020 685 1105 738 quia
1136 696 1159 724 r
1192 693 1229 723 et
1261 697 1280 724 s
1314 695 1391 724 non
1423 687 1502 726 sunt
1553 698 1557 699 ⁷

227 749 375 788 numeri
426 751 470 788 ad
500 756 526 802 p
560 748 702 802 primi:
752 760 793 789 ac
835 759 963 788 reuera
1002 749 1118 788 etiam
1152 759 1326 788 numerus
1355 759 1375 790 s
1408 749 1500 790 inter

228 810 465 853 non—refidua
499 814 724 852 continetur.

609 934 1007 980 COROLL.
1076 948 1115 976 2.

347 1055 419 1090 39.
484 1038 552 1081 Sin
601 1049 730 1080 autern
779 1039 916 1079 diuisor
958 1046 988 1091 p
1022 1039 1070 1078 fit
1116 1049 1290 1078 numerus
1341 1039 1497 1091 primus,

225 1101 311 1155 quia
346 1112 426 1142 tum
461 1103 591 1142 omnia
623 1101 761 1141 refidua
794 1114 831 1151 α,
868 1099 902 1150 ἕ,
941 1113 994 1154 γ,
1028 1097 1069 1151 δ,
1103 1109 1177 1140 etc.
1218 1101 1263 1141 ad
1297 1113 1387 1141 eum
1417 1103 1499 1142 sunt

225 1165 378 1215 prima,
414 1165 439 1203 ss
474 1165 511 1203 in
547 1164 593 1201 iis
625 1171 823 1202 occurrant
856 1163 1004 1202 numeri
1035 1174 1060 1203 r
1091 1171 1131 1202 et
1160 1174 1230 1216 rs,
1264 1172 1346 1205 tum
1378 1165 1497 1207 etiam

224 1234 332 1266 certo
360 1227 399 1267 in
433 1226 478 1265 iis
511 1234 683 1266 occurret
715 1235 892 1264 numerus
929 1234 972 1273 5.

605 1349 998 1394 COROLL.
1063 1365 1105 1402 3.

372 1466 445 1515 40.
507 1460 554 1506 Si
590 1464 684 1504 inter
736 1463 875 1505 refidua
923 1474 1120 1504 occurrant
1153 1463 1301 1506 numeri
1334 1476 1357 1506 r
1402 1475 1443 1507 et
1476 1480 1496 1508 s

222 1526 339 1581 primi
371 1530 416 1569 ad
445 1535 473 1583 p
497 1558 508 1579 ,
543 1529 627 1581 quia
658 1527 804 1568 refiduo
832 1539 855 1567 r
887 1526 1156 1579 aequiualeutia
1191 1528 1369 1569 censenda
1416 1529 1495 1569 suut

220 1590 359 1631 residua
383 1599 412 1646 p
434 1599 497 1638 -ὶ-
517 1602 540 1630 r
562 1603 573 1645 3
612 1603 635 1628 2
652 1598 678 1645 p
697 1597 762 1636 —4-
782 1602 819 1642 r,
853 1591 955 1630 etin
983 1602 1116 1643 genere
1148 1599 1212 1646 ηρ
1231 1597 1297 1637 —4-
1314 1603 1353 1644 ν,
1373 1592 1399 1632 fi
1417 1591 1496 1633 sue·

221 1652 269 1690 rit
308 1665 330 1692 n
345 1662 371 1707 p
393 1661 452 1700 -ι-
470 1666 493 1696 r
510 1664 599 1697 :r
619 1668 638 1696 s
655 1685 667 1707 ,
700 1663 780 1694 tum
812 1654 927 1694 etiam
961 1665 1139 1695 numerus
1167 1661 1185 1696 t
1227 1655 1322 1696 inter
1353 1654 1494 1696 residua

221 1717 443 1767 reperietur.

597 1808 1109 1856 SCHOLION.

366 1924 440 1961 41.
476 1912 542 1955 Ne
559 1913 604 1954 ad
631 1913 735 1955 huius
753 1916 858 1957 modi
882 1917 1143 1971 exceptiones,
1176 1918 1327 1971 quando
1345 1917 1487 1960 refidua

217 1985 296 2015 non
329 1971 409 2014 sunt
442 1976 590 2016 numeri
620 1977 667 2018 ad
693 1985 723 2031 p
758 1980 898 2031 primi,
948 1981 1125 2033 respicere
1156 1981 1370 2034 obligemur
1391 2014 1401 2033 ‚
1450 1983 1489 2022 in

215 2036 448 2090 sequentibus
497 2051 684 2092 ponamus
712 2040 904 2083 diuisorem
932 2051 961 2098 p
997 2044 1148 2097 semper
1182 2043 1255 2084 effe
1289 2056 1488 2085 numerum

217 2100 419 2157 primum3
471 2110 509 2142 et
556 2114 645 2150 cum
694 2105 832 2147 refidua
881 2118 936 2146 ex
971 2105 1114 2147 binario
1145 2116 1228 2148 orta
1258 2107 1328 2148 fint
1360 2106 1486 2157 obuia,

929 2166 973 2209 D
1008 2181 1030 2222 ς
1434 2168 1484 2211 fit
