2062 2664
213 143 603 191 FACTAE
669 145 1204 194 TVBINGAE.
1276 164 1363 203 405,r

94 262 217 303 multo
246 262 371 302 minor
388 260 491 299 calor
524 260 592 300 fuit
626 274 724 300 anuo
763 273 891 312 173³>
924 275 1064 316 nempe
1097 269 1148 309 83
1172 266 1369 316 graduum.

92 327 154 379 qui
189 326 393 365 obseruatus
425 323 478 363 est
511 323 676 363 summus
709 324 802 363 illius
833 325 921 363 anui
952 327 990 364 d.
1030 338 1086 374 24
1120 326 1223 377 luhi,
1256 333 1368 366 coelo

92 389 320 438 subnubsso,
371 398 408 427 et
458 387 611 440 spirante
646 386 682 427 N
706 387 766 437 O,
801 399 887 426 cum
925 388 1199 440 insequentibus
1230 390 1367 442 vesperi

97 453 306 501 tonitribus,
341 451 547 503 crebrisque
579 449 897 504 fulgumtimiibus.
964 450 1110 490 Triduo
1129 451 1225 503 post,
1259 464 1367 492 nem-

94 527 143 568 pe
178 514 262 555 Iulii
298 525 364 565 27,
397 510 623 566 Goettingae
643 515 835 554 maximus
869 514 970 553 calor
1003 513 1096 553 illius
1129 516 1211 555 anni
1247 516 1370 555 obser-

88 588 196 617 vatus
228 576 322 628 filit,
354 577 531 629 graduum
568 588 694 618 autem
729 583 801 626 95}
823 609 833 629 ,
868 577 1028 617 dimidio
1063 586 1206 617 tantum
1242 579 1361 619 adhuc

90 640 206 693 gradu
259 652 279 679 a
330 641 448 680 calore
505 640 676 681 hominis
734 641 808 681 sani
867 642 1020 681 interno
1093 639 1359 683 differentium„

89 703 312 744 Maximum
346 715 474 744 autem
507 704 616 759 frigus
647 714 727 744 erat
760 711 781 746 8
820 706 920 758 grad.
956 703 1055 758 quod
1088 703 1263 745 sensimus
1283 717 1362 748 ma-

89 779 138 806 ne
171 776 302 819 1751,
336 767 448 808 Febr.
489 781 559 820 13,
591 769 706 808 flante
736 767 776 808 Ο
812 767 1048 817 tenuissimo,
1094 768 1131 807 in
1164 767 1362 809 serenitate

89 830 266 882 perfeeta.
331 830 467 871 Manet
501 834 609 884 igitur
641 832 857 872 adhucdum
893 843 1009 870 annus
1039 830 1206 883 superior
1243 835 1359 882 1746

87 893 319 934 calidiffimus
349 897 553 946 omnium,
593 896 775 948 graduum
819 894 956 934 scilicet
989 905 1083 945 943
1116 892 1359 945 frigidissimus

84 965 208 997 autem
247 968 378 1008 1745,
408 959 588 1012 graduum
621 959 761 1012 quippe
802 968 852 1005 13
889 957 982 997 infra
1015 957 1067 997 O.

231 1068 265 1119 §.
302 1083 345 1121 3.
410 1069 476 1112 De
509 1072 647 1112 auroris
677 1070 886 1111 borealibus
914 1068 1096 1110 annotaui
1138 1066 1352 1122 sequentia:

141 1171 272 1212 1750,
305 1165 495 1206 Februarii
530 1179 581 1218 3,
621 1166 667 1206 ab
715 1164 808 1206 hora
856 1164 961 1204 fiexta
1008 1163 1220 1220 vespertina
1271 1162 1351 1205 fere

262 1225 307 1264 ad
342 1228 516 1265 mediam
553 1227 661 1278 vsque
694 1228 846 1267 noctem
878 1227 953 1267 visa
988 1226 1050 1266 hic
1085 1227 1155 1266 fuit
1185 1226 1250 1267 lux
1283 1227 1354 1268 bo-

261 1298 351 1339 rea,
401 1287 531 1340 primo
568 1287 701 1340 infigni
734 1289 929 1339 rubedine,
964 1298 1046 1328 tum
1081 1301 1175 1329 vero
1216 1302 1354 1343 magna

258 1350 425 1392 claritate
457 1350 666 1405 conspicua,
699 1350 814 1390 flante
842 1350 943 1390 tenui
975 1350 1014 1391 Ο
1035 1382 1046 1401 ,
1077 1351 1115 1391 in
1158 1353 1353 1393 serenitate

260 1413 405 1468 aliquot
436 1414 597 1468 dierum,
627 1422 664 1455 et
695 1413 832 1467 frigore
860 1413 942 1454 satis
975 1414 1147 1466 intenso,
1182 1417 1227 1456 ad
1262 1428 1352 1468 gra-

259 1478 328 1518 dus
362 1489 414 1516 12
448 1478 569 1519 adhuc
601 1477 706 1529 supra
739 1488 782 1514 ο.
851 1475 1000 1515 Eadem
1040 1477 1213 1528 apparuit
1251 1490 1350 1529 quo-

261 1553 335 1596 que
366 1542 629 1589 Hannouerae‚
662 1546 702 1577 et
731 1536 923 1592 Neapoli,
954 1537 1012 1577 vti
1046 1549 1096 1577 ex
1131 1540 1240 1580 nouis
1273 1552 1347 1594 pu-

246 1605 358 1649 blicis
389 1601 566 1643 intellexi.

305 1678 404 1719 Maii
443 1688 482 1728 1,
515 1676 640 1718 aderat
670 1674 776 1717 horis
812 1681 834 1717 8
871 1683 908 1716 et
940 1688 992 1728 9,
1027 1689 1069 1730 p.
1103 1688 1159 1717 m.
1190 1677 1253 1718 lux
1273 1677 1343 1719 bo-

187 1731 196 1737 *
255 1740 391 1792 realis,
431 1740 576 1781 lumine
597 1773 609 1792 ,
641 1749 680 1780 et
712 1739 872 1792 copiosis
902 1740 1039 1793 virgiS,
1072 1739 1262 1782 corustans
1301 1743 1340 1784 in

257 1804 450 1847 serenitate
483 1803 662 1857 perfeeta,
693 1803 850 1857 spirante
882 1802 958 1844 len'i
991 1802 1046 1845 Ο.

301 1874 463 1927 Augusti
491 1878 566 1927 26,
593 1874 691 1920 hora
725 1885 781 1914 10
815 1887 856 1928 p.
879 1886 934 1915 m.
973 1874 1012 1915 in
1033 1873 1235 1916 serenitate
1264 1875 1340 1917 ite-

254 1949 340 1979 rum
374 1937 528 1990 integra,
561 1937 676 1979 flante
708 1937 785 1979 leni
818 1937 907 1992 W,
942 1938 1336 1995 conspiciebaturlux

246 2000 406 2045 borealis
434 2000 639 2046 manifesta.

720 2075 896 2119 Eee2
1239 2074 1331 2118 No·
